@MISC {chleung-8537,
	author = {Leung, Ching Him},
	title  = {{{$J/\psi$}} cross section ratio analysis note },
	month  = Sep,
	year   = {2020},
	note   = {SeaQuest docdb 8537-v4}
}

@MISC {chleung-9315,
	author = {Leung, Ching Him},
	title  = {Comparison of reweighted MC and MC with xF dependent p1 },
	month  = May,
	year   = {2021},
	note   = {SeaQuest docdb 9315-v1}
}

@MISC {chleung-9585,
	author = {Leung, Ching Him},
	title  = {{{$J/\psi$}} cross section analysis note },
	month  = Sep,
	year   = {2021},
	note   = {SeaQuest docdb 9585-v4}
}

@MISC {chleung-9643,
	author = {Leung, Ching Him},
	title  = {Roadset dependency of {{$J/\psi$}} analysis },
	month  = Nov ,
	year   = {2021},
	note   = {SeaQuest docdb 9643-v2}
}

@MISC {chleung-9292,
	author = {Leung, Ching Him},
	title  = {{pT} max in {GMC}},
	month  = May,
	year   = {2021},
	note   = {SeaQuest docdb 9292-v2}
}

@MISC {chleung-9496,
	author = {Leung, Ching Him},
	title  = {{DY} {pT} reweighting},
	month  = Jun,
	year   = {2021},
	note   = {SeaQuest docdb 9496-v1}
}
@MISC {don-4993,
	author = {Geesaman, Donald},
	title  = {Handling the liquid target contamination and densities},
	month  = apr,
	year   = {2019},
	note   = {SeaQuest docdb 4993-v5},
	howpublished = {\url{https://seaquest-docdb.fnal.gov/cgi-bin/sso/ShowDocument?docid=4993\&version=5}}
}
@MISC {jdove-8228,
	author = {Dove, Jason},
	title  = {Mass Fit Procedure and Documentation },
	month  = Jul,
	year   = {2020},
	note   = {SeaQuest docdb 8228-v1}
}

@MISC {chuck-2111,
	author = {Brown, Chuck},
	title  = {Data selection \& cuts },
	month  = Nov,
	year   = {2018},
	note   = {SeaQuest docdb 2111-v42},
	howpublished = {\url{https://seaquest-docdb.fnal.gov/cgi-bin/sso/ShowDocument?docid=2111\&version=42}}
}

@MISC {sprasad-9294,
	author = {Prasad, Shivangi },
	title  = {{{$p_T$}} reweighting },
	month  = May ,
	year   = {2021},
	note   = {SeaQuest docdb 9294-v1}
}

@MISC {chleung-9921,
	author = {Leung, Ching Him },
	title  = {Effective interaction length for contaminated {LD2} },
	month  = Mar ,
	year   = {2022},
	note   = {SeaQuest docdb 9921-v2},
	howpublished = {\url{https://seaquest-docdb.fnal.gov/cgi-bin/sso/ShowDocument?docid=9921\&version=2}}
}

@MISC {density-1453,
	author = {Chen, Andrew and Xi, Zhaojia},
	title  = {{LD2} and {LH2} Vent Pressure Analysis},
	month  = Sep,
	year   = {2015},
	note   = {SeaQuest docdb 1453-v3},
	howpublished =  {\url{https://seaquest-docdb.fnal.gov/cgi-bin/sso/ShowDocument?docid=1453\&version=3}}
}
@MISC {paul-1655,
	author = {Reimer, Paul},
	title  = {Deuterium talk},
	month  = Jun,
	year   = 2016,
	note   = {SeaQuest docdb 1655-v1},
	howpublished = {\url{https://seaquest-docdb.fnal.gov/cgi-bin/sso/ShowDocument?docid=1655}}
}
