
@article{accardi2016,
  title = {Electron-{{Ion Collider}}: {{The}} next {{QCD}} Frontier},
  shorttitle = {Electron-{{Ion Collider}}},
  author = {Accardi, A. and Albacete, J. L. and Anselmino, M. and Armesto, N. and Aschenauer, E. C. and Bacchetta, A. and Boer, D. and Brooks, W. K. and Burton, T. and Chang, N. -B. and Deng, W. -T. and Deshpande, A. and Diehl, M. and Dumitru, A. and Dupr{\'e}, R. and Ent, R. and Fazio, S. and Gao, H. and Guzey, V. and Hakobyan, H. and Hao, Y. and Hasch, D. and Holt, R. and Horn, T. and Huang, M. and Hutton, A. and Hyde, C. and {Jalilian-Marian}, J. and Klein, S. and Kopeliovich, B. and Kovchegov, Y. and Kumar, K. and Kumeri{\v c}ki, K. and Lamont, M. A. C. and Lappi, T. and Lee, J. -H. and Lee, Y. and Levin, E. M. and Lin, F. -L. and Litvinenko, V. and Ludlam, T. W. and Marquet, C. and Meziani, Z. -E. and McKeown, R. and Metz, A. and Milner, R. and Morozov, V. S. and Mueller, A. H. and M{\"u}ller, B. and M{\"u}ller, D. and {Nadel-Turonski}, P. and Paukkunen, H. and Prokudin, A. and Ptitsyn, V. and Qian, X. and Qiu, J. -W. and {Ramsey-Musolf}, M. and Roser, T. and Sabati{\'e}, F. and Sassot, R. and Schnell, G. and Schweitzer, P. and Sichtermann, E. and Stratmann, M. and Strikman, M. and Sullivan, M. and Taneja, S. and Toll, T. and Trbojevic, D. and Ullrich, T. and Venugopalan, R. and Vigdor, S. and Vogelsang, W. and Weiss, C. and Xiao, B. -W. and Yuan, F. and Zhang, Y. -H. and Zheng, L.},
  year = {2016},
  month = sep,
  journal = {Eur. Phys. J. A},
  volume = {52},
  number = {9},
  pages = {268},
  issn = {1434-601X},
  doi = {10.1140/epja/i2016-16268-9}
}




@article{aidala2019,
  title = {The {{SeaQuest}} Spectrometer at {{Fermilab}}},
  author = {Aidala, C. A. and Arrington, J. R. and Ayuso, C. and Bowen, B. M. and Bowen, M. L. and Bowling, K. L. and Brown, A. W. and Brown, C. N. and Byrd, R. and Carlisle, R. E. and Chang, T. and Chang, W. -C. and Chen, A. and Chen, J. -Y. and Christian, D. C. and Chu, X. and Dannowitz, B. P. and Daugherity, M. and Diefenthaler, M. and Dove, J. and Durandet, C. and El Fassi, L. and Erdos, E. and Fox, D. M. and Geesaman, D. F. and Gilman, R. and Goto, Y. and Guo, L. and Guo, R. and Hague, T. and Hicks, C. R. and Holt, R. J. and Isenhower, D. and Jiang, X. and Katich, J. M. and Kerns, B. M. and Kinney, E. R. and Kitts, N. D. and Klein, A. and Kleinjan, D. and Kras, J. and Kudo, Y. and Lin, P. -J. and Liu, D. and Liu, K. and Liu, M. X. and Lorenzon, W. and Makins, N. C. R. and Martinez, J. D. and McClellan, R. E. and McDonald, B. and McGaughey, P. L. and McNease, S. E. and Medeiros, M. M. and Miller, B. and Miller, A. J. and Miyasaka, S. and Miyachi, Y. and Mooney, I. A. and Morton, D. H. and Nadim, B. and Nagai, K. and Nakahara, K. and Nakano, K. and Nara, S. and Obata, S. and Peng, J. C. and Prasad, S. and Puckett, A. J. R. and Ramson, B. J. and Raymond, R. S. and Reimer, P. E. and Rubin, J. G. and Salinas, R. and Sanftl, F. and Sawada, S. and Sawada, T. and Scott, M. B. C. and Selensky, L. E. and Shibata, T. -A. and Shiu, S. and Su, D. and Tadepalli, A. S. and Teo, M. and Tice, B. G. and Towell, C. L. and Towell, R. S. and Uemura, S. and Wang, S. G. and Watson, S. and White, N. and Wickes, A. B. and Wood, M. R. and Wu, J. and Xi, Z. and Ye, Z. and Yin, Y.},
  year = {2019},
  month = jun,
  volume = {930},
  pages = {49--63},
  issn = {0168-9002},
  doi = {10.1016/j.nima.2019.03.039},
  journal = {Nucl. Instrum. Methods Phys. Res., Sect. A},
  keywords = {Drell–Yan,E906,Muon,SeaQuest,Spectrometer}
}

@article{bacchetta2020,
  title = {Gluon {TMDs} and {NRQCD} matrix elements in {$J/\psi$} production at an {EIC}},
  author = {Bacchetta, Alessandro and Boer, Daniël and Pisano, Cristian and Taels, Pieter},
  year = {2020},
  month = jan,
  volume = {80},
  pages = {72},
  issn = {1434-6052},
  doi = {10.1140/epjc/s10052-020-7620-8},
  journal = {Eur. Phys. J. C},
  number = {1}
}

@article{barlow1993,
  title = {Fitting Using Finite {{Monte Carlo}} Samples},
  author = {Barlow, Roger and Beeston, Christine},
  year = {1993},
  month = oct,
  volume = {77},
  pages = {219--228},
  issn = {0010-4655},
  doi = {10.1016/0010-4655(93)90005-W},
  journal = {Comput. Phys. Commun},
  number = {2}
}

@article{bodwin1995,
  title = {Rigorous {{QCD}} Analysis of Inclusive Annihilation and Production of Heavy Quarkonium},
  author = {Bodwin, Geoffrey T. and Braaten, Eric and Lepage, G. Peter},
  year = {1995},
  month = feb,
  volume = {51},
  pages = {1125--1171},
  publisher = {{American Physical Society}},
  doi = {10.1103/PhysRevD.51.1125},
  journal = {Phys. Rev. D},
  number = {3}
}

@article{bodwin1997,
  title = {Erratum: {{Rigorous QCD}} Analysis of Inclusive Annihilation and Production of Heavy Quarkonium [{{Phys}}. {{Rev}}. {{D}} 51, 1125 (1995)]},
  shorttitle = {Erratum},
  author = {Bodwin, Geoffrey T. and Braaten, Eric and Lepage, G. Peter},
  year = {1997},
  month = may,
  volume = {55},
  pages = {5853--5854},
  publisher = {{American Physical Society}},
  doi = {10.1103/PhysRevD.55.5853},
  journal = {Phys. Rev. D},
  number = {9}
}

@article{bourrely2015,
  title = {New Developments in the Statistical Approach of Parton Distributions: {{Tests}} and Predictions up to {{LHC}} Energies},
  shorttitle = {New Developments in the Statistical Approach of Parton Distributions},
  author = {Bourrely, Claude and Soffer, Jacques},
  year = {2015},
  month = sep,
  volume = {941},
  pages = {307--334},
  issn = {0375-9474},
  doi = {10.1016/j.nuclphysa.2015.06.018},
  journal = {Nucl. Phys. A},
  keywords = {Deep inelastic scattering,Helicity asymmetries,Statistical distributions}
}

@misc{brooks,
  title = {{{SeaQuest}} with a {{Transversely Polarized Target}} ({{E1039}})},
  author = {Brooks, M and Klein, A and Kleinjan, D and Liu, K and Liu, M and McCumber, M and McGaughey, P and {Mirabal-Martinez}, J and Silva, C Da and Arrington, J and Geesaman, D and {de Medeiros}, M Mesquita and Reimer, P E and Ye, Z and Brown, C and Christian, D},
   note   = {SeaQuest docdb 1720-v3},
   month = Sep,
   year = 2016
}

@article{chang2014,
  title = {Flavor Structure of the Nucleon Sea},
  author = {Chang, Wen-Chen and Peng, Jen-Chieh},
  year = {2014},
  month = nov,
  volume = {79},
  pages = {95--135},
  issn = {0146-6410},
  doi = {10.1016/j.ppnp.2014.08.002},
  journal = {Prog. Part. Nucl. Phys.},
  keywords = {Antiquarks in nucleons,JCPeng,Nucleon flavor structure,Nucleon sea,Parton distributions,review}
}

@phdthesis{dove2020,
  title = {Probing the Flavor Dependence of Proton's Light-Quark Sea in the {{SeaQuest}} Experiment at {{Fermilab}}},
  author = {Dove, Jason},
  year = {2020},
  school = {University of Illinois at Urbana-Champaign},
  type = {{{PhD Thesis}}}
}

@article{dove2021a,
  title = {The Asymmetry of Antimatter in the Proton},
  author = {Dove, J. and Kerns, B. and McClellan, R. E. and Miyasaka, S. and Morton, D. H. and Nagai, K. and Prasad, S. and Sanftl, F. and Scott, M. B. C. and Tadepalli, A. S. and Aidala, C. A. and Arrington, J. and Ayuso, C. and Barker, C. L. and Brown, C. N. and Chang, W. C. and Chen, A. and Christian, D. C. and Dannowitz, B. P. and Daugherity, M. and Diefenthaler, M. and El Fassi, L. and Geesaman, D. F. and Gilman, R. and Goto, Y. and Guo, L. and Guo, R. and Hague, T. J. and Holt, R. J. and Isenhower, D. and Kinney, E. R. and Kitts, N. and Klein, A. and Kleinjan, D. W. and Kudo, Y. and Leung, C. and Lin, P.-J. and Liu, K. and Liu, M. X. and Lorenzon, W. and Makins, N. C. R. and {de Medeiros}, M. Mesquita and McGaughey, P. L. and Miyachi, Y. and Mooney, I. and Nakahara, K. and Nakano, K. and Nara, S. and Peng, J.-C. and Puckett, A. J. and Ramson, B. J. and Reimer, P. E. and Rubin, J. G. and Sawada, S. and Sawada, T. and Shibata, T.-A. and Su, D. and Teo, M. and Tice, B. G. and Towell, R. S. and Uemura, S. and Watson, S. and Wang, S. G. and Wickes, A. B. and Wu, J. and Xi, Z. and Ye, Z.},
  year = {2021},
  month = feb,
  volume = {590},
  pages = {561--565},
  publisher = {{Nature Publishing Group}},
  issn = {1476-4687},
  doi = {10.1038/s41586-021-03282-z},
  copyright = {2021 This is a U.S. government work and not under copyright protection in the U.S.; foreign copyright protection may apply},
  journal = {Nature},
  number = {7847}
}

@article{gayducati1999,
  title = {The Color Evaporation Model in Diffractive {{J}}/{$\psi$} Photoproduction},
  author = {Gay Ducati, M. B. and Mariotto, C. B.},
  year = {1999},
  month = oct,
  volume = {464},
  pages = {286--292},
  issn = {0370-2693},
  doi = {10.1016/S0370-2693(99)00983-1},
  journal = {Phys. Lett. B},
  keywords = {production,Elastic scattering,Soft color interactions},
  number = {3}
}
@article{godbole2017,
  title = {Transverse single spin asymmetry in {$p+p^{\ensuremath{\uparrow}}\ensuremath{\rightarrow}J/\ensuremath{\psi}+X$}},
  author = {Godbole, Rohini M. and Kaushik, Abhiram and Misra, Anuradha and Rawoot, Vaibhav and Sonawane, Bipin},
  year = {2017},
  month = nov,
  volume = {96},
  pages = {096025},
  publisher = {American Physical Society},
  doi = {10.1103/PhysRevD.96.096025},
  journal = {Phys. Rev. D},
  number = {9}
}

@article{hsieh2021,
  title = {{{NRQCD}} Analysis of Charmonium Production with Pion and Proton Beams at Fixed-Target Energies},
  author = {Hsieh, Chia-Yu and Lian, Yu-Shiang and Chang, Wen-Chen and Peng, Jen-Chieh and Platchkov, Stephane and Sawada, Takahiro},
  year = {2021},
  month = oct,
  journal = {Chin. J. Phys},
  volume = {73},
  pages = {13--23},
  issn = {0577-9073},
  doi = {10.1016/j.cjph.2021.06.001},
  keywords = {Charmonium production,Color-octet matrix elements,Gluon,NRQCD,Pion PDFs}
}


@article{mangano1993a,
  title = {Fixed-Target Hadroproduction of Heavy Quarks},
  author = {Mangano, Michelangelo L. and Nason, Paolo and Ridolfi, Giovanni},
  year = {1993},
  month = sep,
  volume = {405},
  pages = {507--535},
  issn = {0550-3213},
  doi = {10.1016/0550-3213(93)90557-6},
  journal = {Nucl. Phys. B},
  number = {2}
}

@article{nason1988,
  title = {The Total Cross Section for the Production of Heavy Quarks in Hadronic Collisions},
  author = {Nason, P. and Dawson, S. and Ellis, R. K.},
  year = {1988},
  month = jul,
  volume = {303},
  pages = {607--633},
  issn = {0550-3213},
  doi = {10.1016/0550-3213(88)90422-1},
  journal = {Nuclear Physics B},
  number = {4}
}


@article{nason1989,
  title = {The One Particle Inclusive Differential Cross Section for Heavy Quark Production in Hadronic Collisions},
  author = {Nason, P. and Dawson, S. and Ellis, R. K.},
  year = {1989},
  month = nov,
  volume = {327},
  pages = {49--92},
  issn = {0550-3213},
  doi = {10.1016/0550-3213(89)90286-1},
  journal = {Nucl. Phys. B},
  number = {1}
}

@article{phenixcollaboration2018,
  title = {Single-spin asymmetry of {$J/\ensuremath{\psi}$} production in {$p+p$}, {$p+\mathrm{Al}$}, and {$p+\mathrm{Au}$} collisions with transversely polarized proton beams at {$\sqrt{{s}_{NN}}=200\text{ }\text{ }\mathrm{GeV}$}},
  author = {{PHENIX Collaboration} and Aidala, C. and Akiba, Y. and Alfred, M. and Andrieux, V. and Apadula, N. and Asano, H. and Azmoun, B. and Babintsev, V. and Bagoly, A. and Bandara, N. S. and Barish, K. N. and Bathe, S. and Bazilevsky, A. and Beaumier, M. and Belmont, R. and Berdnikov, A. and Berdnikov, Y. and Blau, D. S. and Boer, M. and Bok, J. S. and Brooks, M. L. and Bryslawskyj, J. and Bumazhnov, V. and Campbell, S. and Canoa Roman, V. and Cervantes, R. and Chi, C. Y. and Chiu, M. and Choi, I. J. and Choi, J. B. and Citron, Z. and Connors, M. and Cronin, N. and Csanád, M. and Csörgő, T. and Danley, T. W. and Daugherity, M. S. and David, G. and DeBlasio, K. and Dehmelt, K. and Denisov, A. and Deshpande, A. and Desmond, E. J. and Dion, A. and Dixit, D. and Do, J. H. and Drees, A. and Drees, K. A. and Durham, J. M. and Durum, A. and Enokizono, A. and En’yo, H. and Esumi, S. and Fadem, B. and Fan, W. and Feege, N. and Fields, D. E. and Finger, M. and Finger, M. and Fokin, S. L. and Frantz, J. E. and Franz, A. and Frawley, A. D. and Fukuda, Y. and Gal, C. and Gallus, P. and Garg, P. and Ge, H. and Giordano, F. and Goto, Y. and Grau, N. and Greene, S. V. and Grosse Perdekamp, M. and Gunji, T. and Guragain, H. and Hachiya, T. and Haggerty, J. S. and Hahn, K. I. and Hamagaki, H. and Hamilton, H. F. and Han, S. Y. and Hanks, J. and Hasegawa, S. and Haseler, T. O. S. and He, X. and Hemmick, T. K. and Hill, J. C. and Hill, K. and Hodges, A. and Hollis, R. S. and Homma, K. and Hong, B. and Hoshino, T. and Hotvedt, N. and Huang, J. and Huang, S. and Imai, K. and Inaba, M. and Iordanova, A. and Isenhower, D. and Ivanishchev, D. and Jacak, B. V. and Jezghani, M. and Ji, Z. and Jiang, X. and Johnson, B. M. and Jouan, D. and Jumper, D. S. and Kang, J. H. and Kapukchyan, D. and Karthas, S. and Kawall, D. and Kazantsev, A. V. and Khachatryan, V. and Khanzadeev, A. and Kim, C. and Kim, E.-J. and Kim, M. and Kincses, D. and Kistenev, E. and Klatsky, J. and Kline, P. and Koblesky, T. and Kotov, D. and Kudo, S. and Kurita, K. and Kwon, Y. and Lajoie, J. G. and Lebedev, A. and Lee, S. and Lee, S. H. and Leitch, M. J. and Leung, Y. H. and Lewis, N. A. and Li, X. and Lim, S. H. and Liu, M. X. and Loggins, V.-R. and Lökös, S. and Lovasz, K. and Lynch, D. and Majoros, T. and Makdisi, Y. I. and Makek, M. and Manko, V. I. and Mannel, E. and McCumber, M. and McGaughey, P. L. and McGlinchey, D. and McKinney, C. and Mendoza, M. and Mignerey, A. C. and Mihalik, D. E. and Milov, A. and Mishra, D. K. and Mitchell, J. T. and Mitsuka, G. and Miyasaka, S. and Mizuno, S. and Montuenga, P. and Moon, T. and Morrison, D. P. and Morrow, S. I. and Murakami, T. and Murata, J. and Nagai, K. and Nagashima, K. and Nagashima, T. and Nagle, J. L. and Nagy, M. I. and Nakagawa, I. and Nakano, K. and Nattrass, C. and Niida, T. and Nouicer, R. and Novák, T. and Novitzky, N. and Nyanin, A. S. and O’Brien, E. and Ogilvie, C. A. and Orjuela Koop, J. D. and Osborn, J. D. and Oskarsson, A. and Ottino, G. J. and Ozawa, K. and Pantuev, V. and Papavassiliou, V. and Park, J. S. and Park, S. and Pate, S. F. and Patel, M. and Peng, W. and Perepelitsa, D. V. and Perera, G. D. N. and Peressounko, D. Yu. and PerezLara, C. E. and Perry, J. and Petti, R. and Phipps, M. and Pinkenburg, C. and Pisani, R. P. and Purschke, M. L. and Radzevich, P. V. and Read, K. F. and Reynolds, D. and Riabov, V. and Riabov, Y. and Richford, D. and Rinn, T. and Rolnick, S. D. and Rosati, M. and Rowan, Z. and Runchey, J. and Safonov, A. S. and Sakaguchi, T. and Sako, H. and Samsonov, V. and Sarsour, M. and Sato, S. and Schaefer, B. and Schmoll, B. K. and Sedgwick, K. and Seidl, R. and Sen, A. and Seto, R. and Sexton, A. and Sharma, D. and Shein, I. and Shibata, T.-A. and Shigaki, K. and Shimomura, M. and Shioya, T. and Shukla, P. and Sickles, A. and Silva, C. L. and Silvermyr, D. and Singh, B. K. and Singh, C. P. and Singh, V. and Skoby, M. J. and Slunečka, M. and Snowball, M. and Soltz, R. A. and Sondheim, W. E. and Sorensen, S. P. and Sourikova, I. V. and Stankus, P. W. and Stoll, S. P. and Sugitate, T. and Sukhanov, A. and Sumita, T. and Sun, J. and Sun, Z. and Sziklai, J. and Tanida, K. and Tannenbaum, M. J. and Tarafdar, S. and Taranenko, A. and Tarnai, G. and Tieulent, R. and Timilsina, A. and Todoroki, T. and Tomášek, M. and Towell, C. L. and Towell, R. S. and Tserruya, I. and Ueda, Y. and Ujvari, B. and van Hecke, H. W. and Velkovska, J. and Virius, M. and Vrba, V. and Vukman, N. and Wang, X. R. and Watanabe, Y. S. and Wong, C. P. and Woody, C. L. and Xu, C. and Xu, Q. and Xue, L. and Yalcin, S. and Yamaguchi, Y. L. and Yamamoto, H. and Yanovich, A. and Yoo, J. H. and Yoon, I. and Yu, H. and Yushmanov, I. E. and Zajc, W. A. and Zelenski, A. and Zharko, S. and Zou, L.},
  year = {2018},
  month = jul,
  volume = {98},
  pages = {012006},
  doi = {10.1103/PhysRevD.98.012006},
  journal = {Phys. Rev. D},
  number = {1}
}

@phdthesis{prasad2020,
  title = {Measurement of High-Mass Dimuon Production for {P+ p} and {P+ d} Collisions with 120 {{GeV}} Proton Beam at {{Fermilab}}},
  author = {Prasad, Shivangi},
  year = {2020},
  school = {University of Illinois at Urbana-Champaign},
  type = {{{PhD Thesis}}}
}

@MISC {Kun_DAQ_note,
    author = {Liu, Kun},
    title  = {{DAQ} status and upgrade plan},
    month  = may,
    year   = {2017},
    note   = {SeaQuest docdb 2057-v1}
}

@misc{WCCheng_calc,
  author={Chang, Wen-Chen},
  year = {2021},
  howpublished = {Private Communications}
}


@article{aubert1974,
  title = {Experimental Observation of a Heavy Particle {$J$}},
  author = {Aubert, J. J. and Becker, U. and Biggs, P. J. and Burger, J. and Chen, M. and Everhart, G. and Goldhagen, P. and Leong, J. and McCorriston, T. and Rhoades, T. G. and Rohde, M. and Ting, Samuel C. C. and Wu, Sau Lan and Lee, Y. Y.},
  year = {1974},
  month = dec,
  journal = {Phys. Rev. Lett.},
  volume = {33},
  number = {23},
  pages = {1404--1406},
  publisher = {{American Physical Society}},
  doi = {10.1103/PhysRevLett.33.1404}
}

@article{augustin1974,
  title = {Discovery of a Narrow Resonance in {${e}^{+}{e}^{\ensuremath{-}}$} Annihilation},
  author = {Augustin, J. -E. and Boyarski, A. M. and Breidenbach, M. and Bulos, F. and Dakin, J. T. and Feldman, G. J. and Fischer, G. E. and Fryberger, D. and Hanson, G. and Jean-Marie, B. and Larsen, R. R. and Lüth, V. and Lynch, H. L. and Lyon, D. and Morehouse, C. C. and Paterson, J. M. and Perl, M. L. and Richter, B. and Rapidis, P. and Schwitters, R. F. and Tanenbaum, W. M. and Vannucci, F. and Abrams, G. S. and Briggs, D. and Chinowsky, W. and Friedberg, C. E. and Goldhaber, G. and Hollebeek, R. J. and Kadyk, J. A. and Lulu, B. and Pierre, F. and Trilling, G. H. and Whitaker, J. S. and Wiss, J. and Zipse, J. E.},
  year = {1974},
  month = dec,
  journal = {Phys. Rev. Lett.},
  volume = {33},
  number = {23},
  pages = {1406-1408},
  publisher = {American Physical Society},
  doi = {10.1103/PhysRevLett.33.1406}
}

@article{feynman1969,
  title = {Very {{High}}-{{Energy Collisions}} of {{Hadrons}}},
  author = {Feynman, Richard P.},
  year = {1969},
  month = dec,
  journal = {Phys. Rev. Lett.},
  volume = {23},
  number = {24},
  pages = {1415--1417},
  publisher = {{American Physical Society}},
  doi = {10.1103/PhysRevLett.23.1415}
}



@article{drell1970,
  title = {Massive {{Lepton}}-{{Pair Production}} in {{Hadron}}-{{Hadron Collisions}} at {{High Energies}}},
  author = {Drell, Sidney D. and Yan, Tung-Mow},
  year = {1970},
  month = aug,
  journal = {Phys. Rev. Lett.},
  volume = {25},
  number = {5},
  pages = {316--320},
  publisher = {{American Physical Society}},
  doi = {10.1103/PhysRevLett.25.316}
}

@article{bjorken1969,
  title = {Asymptotic {{Sum Rules}} at {{Infinite Momentum}}},
  author = {Bjorken, J. D.},
  year = {1969},
  month = mar,
  journal = {Phys. Rev.},
  volume = {179},
  number = {5},
  pages = {1547--1553},
  publisher = {{American Physical Society}},
  doi = {10.1103/PhysRev.179.1547}
}

@article{breidenbach1969,
  title = {Observed {{Behavior}} of {{Highly Inelastic Electron}}-{{Proton Scattering}}},
  author = {Breidenbach, M. and Friedman, J. I. and Kendall, H. W. and Bloom, E. D. and Coward, D. H. and DeStaebler, H. and Drees, J. and Mo, L. W. and Taylor, R. E.},
  year = {1969},
  month = oct,
  journal = {Phys. Rev. Lett.},
  volume = {23},
  number = {16},
  pages = {935--939},
  publisher = {{American Physical Society}},
  doi = {10.1103/PhysRevLett.23.935}
}

@article{hou2021,
  title = {New {{CTEQ}} Global Analysis of Quantum Chromodynamics with High-Precision Data from the {{LHC}}},
  author = {Hou, Tie-Jiun and Gao, Jun and Hobbs, T. J. and Xie, Keping and Dulat, Sayipjamal and Guzzi, Marco and Huston, Joey and Nadolsky, Pavel and Pumplin, Jon and Schmidt, Carl and Sitiwaldi, Ibrahim and Stump, Daniel and Yuan, C.-P.},
  year = {2021},
  month = jan,
  journal = {Phys. Rev. D},
  volume = {103},
  number = {1},
  pages = {014013},
  publisher = {{American Physical Society}},
  doi = {10.1103/PhysRevD.103.014013}
}




@article{alberg2019a,
  title = {Chiral Light-Front Perturbation Theory and the Flavor Dependence of the Light-Quark Nucleon Sea},
  author = {Alberg, Mary and Miller, Gerald A.},
  year = {2019},
  month = sep,
  journal = {Phys. Rev. C},
  volume = {100},
  number = {3},
  pages = {035205},
  publisher = {{American Physical Society}},
  doi = {10.1103/PhysRevC.100.035205}
}



@article{einhorn1975,
  title = {Hadronic Production of the New Resonances: {{Probing}} Gluon Distributions},
  shorttitle = {Hadronic Production of the New Resonances},
  author = {Einhorn, M. B. and Ellis, S. D.},
  year = {1975},
  month = oct,
  journal = {Phys. Rev. D},
  volume = {12},
  number = {7},
  pages = {2007--2014},
  publisher = {{American Physical Society}},
  doi = {10.1103/PhysRevD.12.2007}
}

@article{fritzsch1977a,
  title = {Producing Heavy Quark Flavors in Hadronic Collisions\textemdash ' {{A}} Test of Quantum Chromodynamics},
  author = {Fritzsch, Harald},
  year = {1977},
  month = mar,
  journal = {Phys. Lett. B},
  volume = {67},
  number = {2},
  pages = {217--221},
  issn = {0370-2693},
  doi = {10.1016/0370-2693(77)90108-3}
}

@article{halzen1977,
  title = {{{CVC}} for Gluons and Hadroproduction of Quark Flavours},
  author = {Halzen, F.},
  year = {1977},
  month = jul,
  journal = {Phys. Lett. B},
  volume = {69},
  number = {1},
  pages = {105--108},
  issn = {0370-2693},
  doi = {10.1016/0370-2693(77)90144-7}
}




