@article{aaij2022,
  title = {Study of {{Z}} Bosons Produced in Association with Charm in the Forward Region},
  author = {Aaij, R. and Abdelmotteleb, A. S. W. and Beteta, C. Abell{\'a}n and Gallego, F. J. Abudinen and Ackernley, T. and Adeva, B. and Adinolfi, M. and Afsharnia, H. and Agapopoulou, C. and Aidala, C. A. and Aiola, S. and Ajaltouni, Z. and Akar, S. and Albrecht, J. and Alessio, F. and Alexander, M. and Albero, A. Alfonso and Aliouche, Z. and Alkhazov, G. and Cartelle, P. Alvarez and Amato, S. and Amey, J. L. and Amhis, Y. and An, L. and Anderlini, L. and Andreianov, A. and Andreotti, M. and Archilli, F. and Artamonov, A. and Artuso, M. and Arzymatov, K. and Aslanides, E. and Atzeni, M. and Audurier, B. and Bachmann, S. and Bachmayer, M. and Back, J. J. and Rodriguez, P. Baladron and Balagura, V. and Baldini, W. and Leite, J. Baptista and Barbetti, M. and Barlow, R. J. and Barsuk, S. and Barter, W. and Bartolini, M. and Baryshnikov, F. and Basels, J. M. and Bashir, S. and Bassi, G. and Batsukh, B. and Battig, A. and Bay, A. and Beck, A. and Becker, M. and Bedeschi, F. and Bediaga, I. and Beiter, A. and Belavin, V. and Belin, S. and Bellee, V. and Belous, K. and Belov, I. and Belyaev, I. and Bencivenni, G. and {Ben-Haim}, E. and Berezhnoy, A. and Bernet, R. and Berninghoff, D. and Bernstein, H. C. and Bertella, C. and Bertolin, A. and Betancourt, C. and Betti, F. and Bezshyiko, {\relax Ia}. and Bhasin, S. and Bhom, J. and Bian, L. and Bieker, M. S. and Bifani, S. and Billoir, P. and Birch, M. and Bishop, F. C. R. and Bitadze, A. and Bizzeti, A. and Bj{\o}rn, M. and Blago, M. P. and Blake, T. and Blanc, F. and Blusk, S. and Bobulska, D. and Boelhauve, J. A. and Garcia, O. Boente and Boettcher, T. and Boldyrev, A. and Bondar, A. and Bondar, N. and Borghi, S. and Borisyak, M. and Borsato, M. and Borsuk, J. T. and Bouchiba, S. A. and Bowcock, T. J. V. and Boyer, A. and Bozzi, C. and Bradley, M. J. and Braun, S. and Rodriguez, A. Brea and Brodzicka, J. and Gonzalo, A. Brossa and Brundu, D. and Buonaura, A. and Buonincontri, L. and Burke, A. T. and Burr, C. and Bursche, A. and Butkevich, A. and Butter, J. S. and Buytaert, J. and Byczynski, W. and Cadeddu, S. and Cai, H. and Calabrese, R. and Calefice, L. and Diaz, L. Calero and Cali, S. and Calladine, R. and Calvi, M. and Gomez, M. Calvo and Magalhaes, P. Camargo and Campana, P. and Quezada, A. F. Campoverde and Capelli, S. and Capriotti, L. and Carbone, A. and Carboni, G. and Cardinale, R. and Cardini, A. and Carli, I. and Carniti, P. and Carus, L. and Akiba, K. Carvalho and Vidal, A. Casais and Casse, G. and Cattaneo, M. and Cavallero, G. and Celani, S. and Cerasoli, J. and Cervenkov, D. and Chadwick, A. J. and Chapman, M. G. and Charles, M. and Charpentier, {\relax Ph}. and Chatzikonstantinidis, G. and Barajas, C. A. Chavez and Chefdeville, M. and Chen, C. and Chen, S. and Chernov, A. and Chobanova, V. and Cholak, S. and Chrzaszcz, M. and Chubykin, A. and Chulikov, V. and Ciambrone, P. and Cicala, M. F. and Vidal, X. Cid and Ciezarek, G. and Clarke, P. E. L. and Clemencic, M. and Cliff, H. V. and Closier, J. and Cobbledick, J. L. and Coco, V. and Coelho, J. A. B. and Cogan, J. and Cogneras, E. and Cojocariu, L. and Collins, P. and Colombo, T. and Congedo, L. and Contu, A. and Cooke, N. and Coombs, G. and Corredoira, I. and Corti, G. and Sobral, C. M. Costa and Couturier, B. and Craik, D. C. and Crkovsk{\'a}, J. and Torres, M. Cruz and Currie, R. and Da Silva, C. L. and Dadabaev, S. and Dai, L. and Dall'Occo, E. and Dalseno, J. and D'Ambrosio, C. and Danilina, A. and {d'Argent}, P. and Davies, J. E. and Davis, A. and Francisco, O. De Aguiar and De Bruyn, K. and De Capua, S. and De Cian, M. and De Miranda, J. M. and De Paula, L. and De Serio, M. and De Simone, D. and De Simone, P. and De Vellis, F. and {de Vries}, J. A. and Dean, C. T. and Debernardis, F. and Decamp, D. and Dedu, V. and Del Buono, L. and Delaney, B. and Dembinski, H.-P. and Dendek, A. and Denysenko, V. and Derkach, D. and Deschamps, O. and Desse, F. and Dettori, F. and Dey, B. and Di Cicco, A. and Di Nezza, P. and Didenko, S. and Maronas, L. Dieste and Dijkstra, H. and Dobishuk, V. and Dong, C. and Donohoe, A. M. and Dordei, F. and {dos Reis}, A. C. and Douglas, L. and Dovbnya, A. and Downes, A. G. and Dudek, M. W. and Dufour, L. and Duk, V. and Durante, P. and Durham, J. M. and Dutta, D. and Dziurda, A. and Dzyuba, A. and Easo, S. and Egede, U. and Egorychev, V. and Eidelman, S. and Eisenhardt, S. and {Ek-In}, S. and Eklund, L. and Ely, S. and Ene, A. and Epple, E. and Escher, S. and Eschle, J. and Esen, S. and Evans, T. and Falabella, A. and Fan, J. and Fan, Y. and Fang, B. and Farry, S. and Fazzini, D. and F{\'e}o, M. and Prieto, A. Fernandez and Fernez, A. D. and Ferrari, F. and Lopes, L. Ferreira and Rodrigues, F. Ferreira and Sole, S. Ferreres and Ferrillo, M. and {Ferro-Luzzi}, M. and Filippov, S. and Fini, R. A. and Fiorini, M. and Firlej, M. and Fischer, K. M. and Fitzgerald, D. S. and Fitzpatrick, C. and Fiutowski, T. and Fkiaras, A. and Fleuret, F. and Fontana, M. and Fontanelli, F. and Forty, R. and {Foulds-Holt}, D. and Lima, V. Franco and Sevilla, M. Franco and Frank, M. and Franzoso, E. and Frau, G. and Frei, C. and Friday, D. A. and Fu, J. and Fuehring, Q. and Gabriel, E. and Galati, G. and Torreira, A. Gallas and Galli, D. and Gambetta, S. and Gan, Y. and Gandelman, M. and Gandini, P. and Gao, Y. and Garau, M. and Martin, L. M. Garcia and Moreno, P. Garcia and Pardi{\~n}as, J. Garc{\'i}a and Plana, B. Garcia and Rosales, F. A. Garcia and Garrido, L. and Gaspar, C. and Geertsema, R. E. and Gerick, D. and Gerken, L. L. and Gersabeck, E. and Gersabeck, M. and Gershon, T. and Gerstel, D. and Giambastiani, L. and Gibson, V. and Giemza, H. K. and Gilman, A. L. and Giovannetti, M. and Giovent{\`u}, A. and Gironell, P. Gironella and Giubega, L. and Giugliano, C. and Gizdov, K. and Gkougkousis, E. L. and Gligorov, V. V. and G{\"o}bel, C. and Golobardes, E. and Golubkov, D. and Golutvin, A. and Gomes, A. and Fernandez, S. Gomez and Abrantes, F. Goncalves and Goncerz, M. and Gong, G. and Gorbounov, P. and Gorelov, I. V. and Gotti, C. and Govorkova, E. and Grabowski, J. P. and Grammatico, T. and Cardoso, L. A. Granado and Graug{\'e}s, E. and Graverini, E. and Graziani, G. and Grecu, A. and Greeven, L. M. and Grieser, N. A. and Grillo, L. and Gromov, S. and Cazon, B. R. Gruberg and Gu, C. and Guarise, M. and Guittiere, M. and G{\"u}nther, P. A. and Gushchin, E. and Guth, A. and Guz, Y. and Gys, T. and Hadavizadeh, T. and Haefeli, G. and Haen, C. and Haimberger, J. and {Halewood-leagas}, T. and Hamilton, P. M. and Hammerich, J. P. and Han, Q. and Han, X. and Hancock, T. H. and Hansen, E. B. and {Hansmann-Menzemer}, S. and Harnew, N. and Harrison, T. and Hasse, C. and Hatch, M. and He, J. and Hecker, M. and Heijhoff, K. and Heinicke, K. and Hennequin, A. M. and Hennessy, K. and Henry, L. and Heuel, J. and Hicheur, A. and Hill, D. and Hilton, M. and Hollitt, S. E. and Hou, R. and Hou, Y. and Hu, J. and Hu, J. and Hu, W. and Hu, X. and Huang, W. and Huang, X. and Hulsbergen, W. and Hunter, R. J. and Hushchyn, M. and Hutchcroft, D. and Hynds, D. and Ibis, P. and Idzik, M. and Ilin, D. and Ilten, P. and Inglessi, A. and Ishteev, A. and Ivshin, K. and Jacobsson, R. and Jage, H. and Jakobsen, S. and Jans, E. and Jashal, B. K. and Jawahery, A. and Jevtic, V. and Jiang, F. and John, M. and Johnson, D. and Jones, C. R. and Jones, T. P. and Jost, B. and Jurik, N. and Kadavath, S. H. Kalavan and Kandybei, S. and Kang, Y. and Karacson, M. and Karpov, M. and Keizer, F. and Keller, D. M. and Kenzie, M. and Ketel, T. and Khanji, B. and Kharisova, A. and Kholodenko, S. and Kirn, T. and Kirsebom, V. S. and Kitouni, O. and Klaver, S. and Kleijne, N. and Klimaszewski, K. and Kmiec, M. R. and Koliiev, S. and Kondybayeva, A. and Konoplyannikov, A. and Kopciewicz, P. and Kopecna, R. and Koppenburg, P. and Korolev, M. and Kostiuk, I. and Kot, O. and Kotriakhova, S. and Kravchenko, P. and Kravchuk, L. and Krawczyk, R. D. and Kreps, M. and Kress, F. and Kretzschmar, S. and Krokovny, P. and Krupa, W. and Krzemien, W. and Kucharczyk, M. and Kudryavtsev, V. and Kuindersma, H. S. and Kunde, G. J. and Kvaratskheliya, T. and Lacarrere, D. and Lafferty, G. and Lai, A. and Lampis, A. and Lancierini, D. and Lane, J. J. and Lane, R. and Lanfranchi, G. and Langenbruch, C. and Langer, J. and Lantwin, O. and Latham, T. and Lazzari, F. and Le Gac, R. and Lee, S. H. and Lef{\`e}vre, R. and Leflat, A. and Legotin, S. and Leroy, O. and Lesiak, T. and Leverington, B. and Li, H. and Li, P. and Li, S. and Li, Y. and Li, Y. and Li, Z. and Liang, X. and Lin, T. and Lindner, R. and Lisovskyi, V. and Litvinov, R. and Liu, G. and Liu, H. and Liu, Q. and Liu, S. and Salvia, A. Lobo and Loi, A. and Castro, J. Lomba and Longstaff, I. and Lopes, J. H. and Solino, S. Lopez and Lovell, G. H. and Lu, Y. and Lucarelli, C. and Lucchesi, D. and Luchuk, S. and Martinez, M. Lucio and Lukashenko, V. and Luo, Y. and Lupato, A. and Luppi, E. and Lupton, O. and Lusiani, A. and Lyu, X. and Ma, L. and Ma, R. and Maccolini, S. and Machefert, F. and Maciuc, F. and Macko, V. and Mackowiak, P. and {Maddrell-Mander}, S. and Madejczyk, O. and Mohan, L. R. Madhan and Maev, O. and Maevskiy, A. and Maisuzenko, D. and Majewski, M. W. and Malczewski, J. J. and Malde, S. and Malecki, B. and Malinin, A. and Maltsev, T. and Malygina, H. and Manca, G. and Mancinelli, G. and Manuzzi, D. and Marangotto, D. and Maratas, J. and Marchand, J. F. and Marconi, U. and Mariani, S. and Benito, C. Marin and Marinangeli, M. and Marks, J. and Marshall, A. M. and Marshall, P. J. and Martelli, G. and Martellotti, G. and Martinazzoli, L. and Martinelli, M. and Santos, D. Martinez and Vidal, F. Martinez and Massafferri, A. and Materok, M. and Matev, R. and Mathad, A. and Matiunin, V. and Matteuzzi, C. and Mattioli, K. R. and Mauri, A. and Maurice, E. and Mauricio, J. and Mazurek, M. and McCann, M. and Mcconnell, L. and Mcgrath, T. H. and Mchugh, N. T. and McNab, A. and McNulty, R. and Mead, J. V. and Meadows, B. and Meier, G. and Meinert, N. and Melnychuk, D. and Meloni, S. and Merk, M. and Merli, A. and Garcia, L. Meyer and Mikhasenko, M. and Milanes, D. A. and Millard, E. and Milovanovic, M. and Minard, M.-N. and Minotti, A. and Minzoni, L. and Mitchell, S. E. and Mitreska, B. and Mitzel, D. S. and M{\"o}dden, A. and Mohammed, R. A. and Moise, R. D. and Mokhnenko, S. and Momb{\"a}cher, T. and Monroy, I. A. and Monteil, S. and Morandin, M. and Morello, G. and Morello, M. J. and Moron, J. and Morris, A. B. and Morris, A. G. and Mountain, R. and Mu, H. and Muheim, F. and Mulder, M. and M{\"u}ller, D. and M{\"u}ller, K. and Murphy, C. H. and Murray, D. and Muzzetto, P. and Naik, P. and Nakada, T. and Nandakumar, R. and Nanut, T. and Nasteva, I. and Needham, M. and Neri, I. and Neri, N. and Neubert, S. and Neufeld, N. and Newcombe, R. and Niel, E. M. and Nieswand, S. and Nikitin, N. and Nolte, N. S. and Normand, C. and Nunez, C. and {Oblakowska-Mucha}, A. and Obraztsov, V. and Oeser, T. and O'Hanlon, D. P. and Okamura, S. and Oldeman, R. and Oliva, F. and Olivares, M. E. and Onderwater, C. J. G. and O'Neil, R. H. and Goicochea, J. M. Otalora and Ovsiannikova, T. and Owen, P. and Oyanguren, A. and Padeken, K. O. and Pagare, B. and Pais, P. R. and Pajero, T. and Palano, A. and Palutan, M. and Pan, Y. and Panshin, G. and Papanestis, A. and Pappagallo, M. and Pappalardo, L. L. and Pappenheimer, C. and Parker, W. and Parkes, C. and Passalacqua, B. and Passaleva, G. and Pastore, A. and Patel, M. and Patrignani, C. and Pawley, C. J. and Pearce, A. and Pellegrino, A. and Altarelli, M. Pepe and Perazzini, S. and Pereima, D. and Castro, A. Pereiro and Perret, P. and Petric, M. and Petridis, K. and Petrolini, A. and Petrov, A. and Petrucci, S. and Petruzzo, M. and Pham, T. T. H. and Philippov, A. and Pica, L. and Piccini, M. and Pietrzyk, B. and Pietrzyk, G. and Pili, M. and Pinci, D. and Pisani, F. and Pizzichemi, M. and K., Resmi P. and Placinta, V. and Plews, J. and Casasus, M. Plo and Polci, F. and Lener, M. Poli and Poliakova, M. and Poluektov, A. and Polukhina, N. and Polyakov, I. and Polycarpo, E. and Ponce, S. and Popov, D. and Popov, S. and Poslavskii, S. and Prasanth, K. and Promberger, L. and Prouve, C. and Pugatch, V. and Puill, V. and Pullen, H. and Punzi, G. and Qi, H. and Qian, W. and Qin, J. and Qin, N. and Quagliani, R. and Quintana, B. and Raab, N. V. and Trejo, R. I. Rabadan and Rachwal, B. and Rademacker, J. H. and Rama, M. and Pernas, M. Ramos and Rangel, M. S. and Ratnikov, F. and Raven, G. and Reboud, M. and Redi, F. and Reiss, F. and Alepuz, C. Remon and Ren, Z. and Renaudin, V. and Ribatti, R. and Ricciardi, S. and Rinnert, K. and Robbe, P. and Robertson, G. and Rodrigues, A. B. and Rodrigues, E. and Lopez, J. A. Rodriguez and Rodriguez, E. R. R. Rodriguez and Rollings, A. and Roloff, P. and Romanovskiy, V. and Lamas, M. Romero and Vidal, A. Romero and Roth, J. D. and Rotondo, M. and Rudolph, M. S. and Ruf, T. and Fernandez, R. A. Ruiz and Vidal, J. Ruiz and Ryzhikov, A. and Ryzka, J. and Silva, J. J. Saborido and Sagidova, N. and Sahoo, N. and Saitta, B. and Salomoni, M. and Gras, C. Sanchez and Santacesaria, R. and Rios, C. Santamarina and Santimaria, M. and Santovetti, E. and Saranin, D. and Sarpis, G. and Sarpis, M. and Sarti, A. and Satriano, C. and Satta, A. and Saur, M. and Savrina, D. and Sazak, H. and Smead, L. G. Scantlebury and Scarabotto, A. and Schael, S. and Scherl, S. and Schiller, M. and Schindler, H. and Schmelling, M. and Schmidt, B. and Schmitt, S. and Schneider, O. and Schopper, A. and Schubiger, M. and Schulte, S. and Schune, M. H. and Schwemmer, R. and Sciascia, B. and Sellam, S. and Semennikov, A. and Soares, M. Senghi and Sergi, A. and Serra, N. and Sestini, L. and Seuthe, A. and Shang, Y. and Shangase, D. M. and Shapkin, M. and Shchemerov, I. and Shchutska, L. and Shears, T. and Shekhtman, L. and Shen, Z. and Shevchenko, V. and Shields, E. B. and Shimizu, Y. and Shmanin, E. and Shupperd, J. D. and Siddi, B. G. and Coutinho, R. Silva and Simi, G. and Simone, S. and Skidmore, N. and Skwarnicki, T. and Slater, M. W. and Slazyk, I. and Smallwood, J. C. and Smeaton, J. G. and Smetkina, A. and Smith, E. and Smith, M. and Snoch, A. and Soares, M. and Lavra, L. Soares and Sokoloff, M. D. and Soler, F. J. P. and Solovev, A. and Solovyev, I. and De Almeida, F. L. Souza and De Paula, B. Souza and Spaan, B. and Norella, E. Spadaro and Spradlin, P. and Stagni, F. and Stahl, M. and Stahl, S. and Stanislaus, S. and Steinkamp, O. and Stenyakin, O. and Stevens, H. and Stone, S. and Straticiuc, M. and Strekalina, D. and Suljik, F. and Sun, J. and Sun, L. and Sun, Y. and Svihra, P. and Swallow, P. N. and Swientek, K. and Szabelski, A. and Szumlak, T. and Szymanski, M. and Taneja, S. and Tanner, A. R. and Tat, M. D. and Terentev, A. and Teubert, F. and Thomas, E. and Thompson, D. J. D. and Thomson, K. A. and Tisserand, V. and T'Jampens, S. and Tobin, M. and Tomassetti, L. and Tong, X. and Machado, D. Torres and Tou, D. Y. and Trifonova, E. and Trippl, C. and Tuci, G. and Tully, A. and Tuning, N. and Ukleja, A. and Unverzagt, D. J. and Ursov, E. and Usachov, A. and Ustyuzhanin, A. and Uwer, U. and Vagner, A. and Vagnoni, V. and Valassi, A. and Valenti, G. and Canudas, N. Valls and {van Beuzekom}, M. and Van Dijk, M. and Van Hecke, H. and {van Herwijnen}, E. and Van Hulse, C. B. and {van Veghel}, M. and Gomez, R. Vazquez and Regueiro, P. Vazquez and Sierra, C. V{\'a}zquez and Vecchi, S. and Velthuis, J. J. and Veltri, M. and Venkateswaran, A. and Veronesi, M. and Vesterinen, M. and Vieira, D. and Diaz, M. Vieites and Viemann, H. and {Vilasis-Cardona}, X. and Figueras, E. Vilella and Villa, A. and Vincent, P. and Volle, F. C. and Bruch, D. Vom and Vorobyev, A. and Vorobyev, V. and Voropaev, N. and Vos, K. and Waldi, R. and Walsh, J. and Wang, C. and Wang, J. and Wang, J. and Wang, J. and Wang, J. and Wang, M. and Wang, R. and Wang, Y. and Wang, Z. and Wang, Z. and Wang, Z. and Ward, J. A. and Watson, N. K. and Weber, S. G. and Websdale, D. and Weisser, C. and Westhenry, B. D. C. and White, D. J. and Whitehead, M. and Wiederhold, A. R. and Wiedner, D. and Wilkinson, G. and Wilkinson, M. and Williams, I. and Williams, M. and Williams, M. R. J. and Wilson, F. F. and Wislicki, W. and Witek, M. and Witola, L. and Wormser, G. and Wotton, S. A. and Wu, H. and Wyllie, K. and Xiang, Z. and Xiao, D. and Xie, Y. and Xu, A. and Xu, J. and Xu, L. and Xu, M. and Xu, Q. and Xu, Z. and Xu, Z. and Yang, D. and Yang, S. and Yang, Y. and Yang, Z. and Yang, Z. and Yao, Y. and Yeomans, L. E. and Yin, H. and Yu, J. and Yuan, X. and Yushchenko, O. and Zaffaroni, E. and Zavertyaev, M. and Zdybal, M. and Zenaiev, O. and Zeng, M. and Zhang, D. and Zhang, L. and Zhang, S. and Zhang, S. and Zhang, Y. and Zhang, Y. and Zharkova, A. and Zhelezov, A. and Zheng, Y. and Zhou, T. and Zhou, X. and Zhou, Y. and Zhovkovska, V. and Zhu, X. and Zhu, X. and Zhu, Z. and Zhukov, V. and Zonneveld, J. B. and Zou, Q. and Zucchelli, S. and Zuliani, D. and Zunica, G.},
  year = {2022},
  month = feb,
  journal = {Phys. Rev. Lett.},
  volume = {128},
  number = {8},
  pages = {082001},
  publisher = {{American Physical Society}},
  doi = {10.1103/PhysRevLett.128.082001},
  collaboration = {LHCb Collaboration}
}

@article{abi2021,
  title = {Measurement of the Positive Muon Anomalous Magnetic Moment to 0.46 Ppm},
  author = {Abi, B. and Albahri, T. and {Al-Kilani}, S. and Allspach, D. and Alonzi, L. P. and Anastasi, A. and Anisenkov, A. and Azfar, F. and Badgley, K. and Bae{\ss}ler, S. and Bailey, I. and Baranov, V. A. and {Barlas-Yucel}, E. and Barrett, T. and Barzi, E. and Basti, A. and Bedeschi, F. and Behnke, A. and Berz, M. and Bhattacharya, M. and Binney, H. P. and Bjorkquist, R. and Bloom, P. and Bono, J. and Bottalico, E. and Bowcock, T. and Boyden, D. and Cantatore, G. and Carey, R. M. and Carroll, J. and Casey, B. C. K. and Cauz, D. and Ceravolo, S. and Chakraborty, R. and Chang, S. P. and Chapelain, A. and Chappa, S. and Charity, S. and Chislett, R. and Choi, J. and Chu, Z. and Chupp, T. E. and Convery, M. E. and Conway, A. and Corradi, G. and Corrodi, S. and Cotrozzi, L. and Crnkovic, J. D. and Dabagov, S. and De Lurgio, P. M. and Debevec, P. T. and Di Falco, S. and Di Meo, P. and Di Sciascio, G. and Di Stefano, R. and Drendel, B. and Driutti, A. and Duginov, V. N. and Eads, M. and Eggert, N. and Epps, A. and Esquivel, J. and Farooq, M. and Fatemi, R. and Ferrari, C. and Fertl, M. and Fiedler, A. and Fienberg, A. T. and Fioretti, A. and Flay, D. and Foster, S. B. and Friedsam, H. and Frl{\v e}z{\v z}, E. and Froemming, N. S. and Fry, J. and Fu, C. and Gabbanini, C. and Galati, M. D. and Ganguly, S. and Garcia, A. and Gastler, D. E. and George, J. and Gibbons, L. K. and Gioiosa, A. and Giovanetti, K. L. and Girotti, P. and Gohn, W. and Gorringe, T. and Grange, J. and Grant, S. and Gray, F. and Haciomeroglu, S. and Hahn, D. and {Halewood-Leagas}, T. and Hampai, D. and Han, F. and Hazen, E. and Hempstead, J. and Henry, S. and Herrod, A. T. and Hertzog, D. W. and Hesketh, G. and Hibbert, A. and Hodge, Z. and Holzbauer, J. L. and Hong, K. W. and Hong, R. and Iacovacci, M. and Incagli, M. and Johnstone, C. and Johnstone, J. A. and Kammel, P. and Kargiantoulakis, M. and Karuza, M. and Kaspar, J. and Kawall, D. and Kelton, L. and Keshavarzi, A. and Kessler, D. and Khaw, K. S. and Khechadoorian, Z. and Khomutov, N. V. and Kiburg, B. and Kiburg, M. and Kim, O. and Kim, S. C. and Kim, Y. I. and King, B. and Kinnaird, N. and Korostelev, M. and Kourbanis, I. and Kraegeloh, E. and Krylov, V. A. and Kuchibhotla, A. and Kuchinskiy, N. A. and Labe, K. R. and LaBounty, J. and Lancaster, M. and Lee, M. J. and Lee, S. and Leo, S. and Li, B. and Li, D. and Li, L. and Logashenko, I. and Lorente Campos, A. and Luc{\`a}, A. and Lukicov, G. and Luo, G. and Lusiani, A. and Lyon, A. L. and MacCoy, B. and Madrak, R. and Makino, K. and Marignetti, F. and Mastroianni, S. and Maxfield, S. and McEvoy, M. and Merritt, W. and Mikhailichenko, A. A. and Miller, J. P. and Miozzi, S. and Morgan, J. P. and Morse, W. M. and Mott, J. and Motuk, E. and Nath, A. and Newton, D. and Nguyen, H. and Oberling, M. and Osofsky, R. and Ostiguy, J.-F. and Park, S. and Pauletta, G. and Piacentino, G. M. and Pilato, R. N. and Pitts, K. T. and Plaster, B. and P{\v o}c{\v c}ani{\'c}{\'c}, D. and Pohlman, N. and Polly, C. C. and Popovic, M. and Price, J. and Quinn, B. and Raha, N. and Ramachandran, S. and Ramberg, E. and Rider, N. T. and Ritchie, J. L. and Roberts, B. L. and Rubin, D. L. and Santi, L. and Sathyan, D. and Schellman, H. and Schlesier, C. and Schreckenberger, A. and Semertzidis, Y. K. and Shatunov, Y. M. and Shemyakin, D. and Shenk, M. and Sim, D. and Smith, M. W. and Smith, A. and Soha, A. K. and Sorbara, M. and St{\"o}ckinger, D. and Stapleton, J. and Still, D. and Stoughton, C. and Stratakis, D. and Strohman, C. and Stuttard, T. and Swanson, H. E. and Sweetmore, G. and Sweigart, D. A. and Syphers, M. J. and Tarazona, D. A. and Teubner, T. and {Tewsley-Booth}, A. E. and Thomson, K. and Tishchenko, V. and Tran, N. H. and Turner, W. and Valetov, E. and Vasilkova, D. and Venanzoni, G. and Volnykh, V. P. and Walton, T. and Warren, M. and Weisskopf, A. and {Welty-Rieger}, L. and Whitley, M. and Winter, P. and Wolski, A. and Wormald, M. and Wu, W. and Yoshikawa, C.},
  year = {2021},
  month = apr,
  journal = {Phys. Rev. Lett.},
  volume = {126},
  number = {14},
  pages = {141801},
  publisher = {{American Physical Society}},
  doi = {10.1103/PhysRevLett.126.141801},
  collaboration = {Muon g-2 Collaboration}
}

@article{acharya2020,
  title = {$J/\ensuremath{\psi}$ and $\ensuremath{\psi}\mathbf{(}2S\mathbf{)}$ production at forward rapidity in $p+p$ collisions at $\sqrt{s}=510\text{ }\text{ }\mathrm{GeV}$},
  author = {Acharya, U. A. and Adare, A. and Aidala, C. and Ajitanand, N. N. and Akiba, Y. and Akimoto, R. and Alfred, M. and Apadula, N. and Aramaki, Y. and Asano, H. and Atomssa, E. T. and Awes, T. C. and Azmoun, B. and Babintsev, V. and Bai, M. and Bandara, N. S. and Bannier, B. and Barish, K. N. and Bathe, S. and Bazilevsky, A. and Beaumier, M. and Beckman, S. and Belmont, R. and Berdnikov, A. and Berdnikov, Y. and Black, D. and Bok, J. S. and Boyle, K. and Brooks, M. L. and Bryslawskyj, J. and Buesching, H. and Bumazhnov, V. and Campbell, S. and Canoa Roman, V. and Chen, C.-H. and Chi, C. Y. and Chiu, M. and Choi, I. J. and Choi, J. B. and Chujo, T. and Citron, Z. and Connors, M. and Csanád, M. and Csörgőő, T. and Danley, T. W. and Datta, A. and Daugherity, M. S. and David, G. and DeBlasio, K. and Dehmelt, K. and Denisov, A. and Deshpande, A. and Desmond, E. J. and Ding, L. and Dion, A. and Do, J. H. and Drees, A. and Drees, K. A. and Durham, J. M. and Durum, A. and Enokizono, A. and En'yo, H. and Esha, R. and Esumi, S. and Fadem, B. and Fan, W. and Feege, N. and Fields, D. E. and Finger, M. and Finger, M. and Fitzgerald, D. and Fokin, S. L. and Frantz, J. E. and Franz, A. and Frawley, A. D. and Gal, C. and Gallus, P. and Gamez, E. A. and Garg, P. and Ge, H. and Giordano, F. and Glenn, A. and Goto, Y. and Grau, N. and Greene, S. V. and Grosse Perdekamp, M. and Gu, Y. and Gunji, T. and Guragain, H. and Hachiya, T. and Haggerty, J. S. and Hahn, K. I. and Hamagaki, H. and Han, S. Y. and Hanks, J. and Hasegawa, S. and Haseler, T. O. S. and He, X. and Hemmick, T. K. and Hill, J. C. and Hill, K. and Hodges, A. and Hollis, R. S. and Homma, K. and Hong, B. and Hoshino, T. and Huang, J. and Huang, S. and Ikeda, Y. and Imai, K. and Imazu, Y. and Inaba, M. and Iordanova, A. and Isenhower, D. and Ishimaru, S. and Ivanishchev, D. and Jacak, B. V. and Jeon, S. J. and Jezghani, M. and Ji, Z. and Jia, J. and Jiang, X. and Johnson, B. M. and Joo, E. and Joo, K. S. and Jouan, D. and Jumper, D. S. and Kang, J. H. and Kang, J. S. and Kawall, D. and Kazantsev, A. V. and Key, J. A. and Khachatryan, V. and Khanzadeev, A. and Khatiwada, A. and Kihara, K. and Kim, C. and Kim, D. H. and Kim, D. J. and Kim, E.-J. and Kim, H.-J. and Kim, M. and Kim, Y. K. and Kincses, D. and Kistenev, E. and Klatsky, J. and Kleinjan, D. and Kline, P. and Koblesky, T. and Kofarago, M. and Koster, J. and Kotov, D. and Kurgyis, B. and Kurita, K. and Kurosawa, M. and Kwon, Y. and Lacey, R. and Lajoie, J. G. and Lebedev, A. and Lee, K. B. and Lee, S. H. and Leitch, M. J. and Leitgab, M. and Leung, Y. H. and Lewis, N. A. and Li, X. and Lim, S. H. and Liu, M. X. and Lökös, S. and Lynch, D. and Majoros, T. and Makdisi, Y. I. and Makek, M. and Manion, A. and Manko, V. I. and Mannel, E. and McCumber, M. and McGaughey, P. L. and McGlinchey, D. and McKinney, C. and Meles, A. and Mendoza, M. and Meredith, B. and Metzger, W. J. and Miake, Y. and Mignerey, A. C. and Miller, A. J. and Milov, A. and Mishra, D. K. and Mitchell, J. T. and Mitrankov, Iu. and Mitsuka, G. and Miyasaka, S. and Mizuno, S. and Montuenga, P. and Moon, T. and Morrison, D. P. and Morrow, S. I. and Moukhanova, T. V. and Mulilo, B. and Murakami, T. and Murata, J. and Mwai, A. and Nagamiya, S. and Nagashima, K. and Nagle, J. L. and Nagy, M. I. and Nakagawa, I. and Nakagomi, H. and Nakano, K. and Nattrass, C. and Nelson, S. and Netrakanti, P. K. and Nihashi, M. and Niida, T. and Nishitani, R. and Nouicer, R. and Novák, T. and Novitzky, N. and Nyanin, A. S. and O'Brien, E. and Ogilvie, C. A. and Orjuela Koop, J. D. and Osborn, J. D. and Oskarsson, A. and Ozawa, K. and Pak, R. and Pantuev, V. and Papavassiliou, V. and Park, S. and Pate, S. F. and Patel, L. and Patel, M. and Peng, J.-C. and Peng, W. and Perepelitsa, D. V. and Perera, G. D. N. and Peressounko, D. Yu. and PerezLara, C. E. and Perry, J. and Petti, R. and Pinkenburg, C. and Pinson, R. and Pisani, R. P. and Pun, A. and Purschke, M. L. and Radzevich, P. V. and Rak, J. and Ramasubramanian, N. and Ravinovich, I. and Read, K. F. and Reynolds, D. and Riabov, V. and Riabov, Y. and Richford, D. and Rinn, T. and Riveli, N. and Roach, D. and Rolnick, S. D. and Rosati, M. and Rowan, Z. and Rubin, J. G. and Runchey, J. and Saito, N. and Sakaguchi, T. and Sako, H. and Samsonov, V. and Sarsour, M. and Sato, S. and Sawada, S. and Scarlett, C. Y. and Schaefer, B. and Schmoll, B. K. and Sedgwick, K. and Seele, J. and Seidl, R. and Sen, A. and Seto, R. and Sett, P. and Sexton, A. and Sharma, D. and Shein, I. and Shibata, T.-A. and Shigaki, K. and Shimomura, M. and Shukla, P. and Sickles, A. and Silva, C. L. and Silvermyr, D. and Singh, B. K. and Singh, C. P. and Singh, V. and Sluněcčka, M. and Smith, K. L. and Soltz, R. A. and Sondheim, W. E. and Sorensen, S. P. and Sourikova, I. V. and Stankus, P. W. and Stepanov, M. and Stoll, S. P. and Sugitate, T. and Sukhanov, A. and Sumita, T. and Sun, J. and Sun, X. and Sun, Z. and Suzuki, S. and Sziklai, J. and Takahara, A. and Taketani, A. and Tanida, K. and Tannenbaum, M. J. and Tarafdar, S. and Taranenko, A. and Tieulent, R. and Timilsina, A. and Todoroki, T. and Tomá̌sšek, M. and Torii, H. and Towell, M. and Towell, R. and Towell, R. S. and Tserruya, I. and Ueda, Y. and Ujvari, B. and van Hecke, H. W. and Vargyas, M. and Velkovska, J. and Virius, M. and Vrba, V. and Vznuzdaev, E. and Wang, X. R. and Wang, Z. and Watanabe, D. and Watanabe, Y. and Watanabe, Y. S. and Wei, F. and Whitaker, S. and Wolin, S. and Wong, C. P. and Woody, C. L. and Wu, Y. and Wysocki, M. and Xia, B. and Xu, Q. and Xue, L. and Yalcin, S. and Yamaguchi, Y. L. and Yanovich, A. and Yoo, J. H. and Yoon, I. and Younus, I. and Yu, H. and Yushmanov, I. E. and Zajc, W. A. and Zelenski, A. and Zhai, Y. and Zharko, S. and Zou, L.},
  year = {2020},
  month = mar,
  journal = {Phys. Rev. D},
  volume = {101},
  number = {5},
  pages = {052006},
  publisher = {American Physical Society},
  doi = {10.1103/PhysRevD.101.052006},
  collaboration = {PHENIX Collaboration}
}

@article{aidala2019,
  title = {The {{SeaQuest}} Spectrometer at {{Fermilab}}},
  author = {Aidala, C. A. and Arrington, J. R. and Ayuso, C. and Bowen, B. M. and Bowen, M. L. and Bowling, K. L. and Brown, A. W. and Brown, C. N. and Byrd, R. and Carlisle, R. E. and Chang, T. and Chang, W. -C. and Chen, A. and Chen, J. -Y. and Christian, D. C. and Chu, X. and Dannowitz, B. P. and Daugherity, M. and Diefenthaler, M. and Dove, J. and Durandet, C. and El Fassi, L. and Erdos, E. and Fox, D. M. and Geesaman, D. F. and Gilman, R. and Goto, Y. and Guo, L. and Guo, R. and Hague, T. and Hicks, C. R. and Holt, R. J. and Isenhower, D. and Jiang, X. and Katich, J. M. and Kerns, B. M. and Kinney, E. R. and Kitts, N. D. and Klein, A. and Kleinjan, D. and Kras, J. and Kudo, Y. and Lin, P. -J. and Liu, D. and Liu, K. and Liu, M. X. and Lorenzon, W. and Makins, N. C. R. and Martinez, J. D. and McClellan, R. E. and McDonald, B. and McGaughey, P. L. and McNease, S. E. and Medeiros, M. M. and Miller, B. and Miller, A. J. and Miyasaka, S. and Miyachi, Y. and Mooney, I. A. and Morton, D. H. and Nadim, B. and Nagai, K. and Nakahara, K. and Nakano, K. and Nara, S. and Obata, S. and Peng, J. C. and Prasad, S. and Puckett, A. J. R. and Ramson, B. J. and Raymond, R. S. and Reimer, P. E. and Rubin, J. G. and Salinas, R. and Sanftl, F. and Sawada, S. and Sawada, T. and Scott, M. B. C. and Selensky, L. E. and Shibata, T. -A. and Shiu, S. and Su, D. and Tadepalli, A. S. and Teo, M. and Tice, B. G. and Towell, C. L. and Towell, R. S. and Uemura, S. and Wang, S. G. and Watson, S. and White, N. and Wickes, A. B. and Wood, M. R. and Wu, J. and Xi, Z. and Ye, Z. and Yin, Y.},
  year = {2019},
  month = jun,
  journal = {Nucl. Instrum. Methods Phys. Res., Sect. A},
  volume = {930},
  pages = {49--63},
  issn = {0168-9002},
  doi = {10.1016/j.nima.2019.03.039},
  urldate = {2021-07-20},
  langid = {english},
  keywords = {Drell–Yan,E906,Muon,SeaQuest,Spectrometer}
}

@article{alberg2022,
  title = {Pions in Proton Structure and Everywhere Else},
  author = {Alberg, Mary and Ehinger, Lucas and Miller, Gerald A.},
  year = {2022},
  month = jun,
  journal = {Phys. Rev. D},
  volume = {105},
  number = {11},
  pages = {114054},
  publisher = {{American Physical Society}},
  doi = {10.1103/PhysRevD.105.114054},
  urldate = {2022-10-20}
}

@article{alexandrou2018,
  title = {Light-{{Cone Parton Distribution Functions}} from {{Lattice QCD}}},
  author = {Alexandrou, Constantia and Cichy, Krzysztof and Constantinou, Martha and Jansen, Karl and Scapellato, Aurora and Steffens, Fernanda},
  year = {2018},
  month = sep,
  journal = {Phys. Rev. Lett.},
  volume = {121},
  number = {11},
  pages = {112001},
  publisher = {{American Physical Society}},
  doi = {10.1103/PhysRevLett.121.112001},
  urldate = {2022-07-29}
}

@article{alexandrou2021,
  title = {Flavor Decomposition of the Nucleon Unpolarized, Helicity, and Transversity Parton Distribution Functions from Lattice {{QCD}} Simulations},
  author = {Alexandrou, Constantia and Constantinou, Martha and Hadjiyiannakou, Kyriakos and Jansen, Karl and Manigrasso, Floriano},
  year = {2021},
  month = sep,
  journal = {Phys. Rev. D},
  volume = {104},
  number = {5},
  pages = {054503},
  publisher = {{American Physical Society}},
  doi = {10.1103/PhysRevD.104.054503},
  urldate = {2022-07-27}
}

@article{altarelli1977,
  title = {Asymptotic Freedom in Parton Language},
  author = {Altarelli, G. and Parisi, G.},
  year = {1977},
  month = aug,
  journal = {Nucl. Phys. B},
  volume = {126},
  number = {2},
  pages = {298--318},
  issn = {0550-3213},
  doi = {10.1016/0550-3213(77)90384-4},
  urldate = {2018-12-17}
}

@article{altarelli1982,
  title = {Partons in Quantum Chromodynamics},
  author = {Altarelli, Guido},
  year = {1982},
  month = jan,
  journal = {Phys. Rep.},
  volume = {81},
  number = {1},
  pages = {1--129},
  issn = {0370-1573},
  doi = {10.1016/0370-1573(82)90127-2},
  urldate = {2018-12-19},
  keywords = {review}
}

@article{amaudruz1991,
  title = {Gottfried sum from the ratio {${\mathit{F}}_{2}^{\mathit{n}}$/${\mathit{F}}_{2}^{\mathit{p}}$}},
  author = {Amaudruz, P. and Arneodo, M. and Arvidson, A. and Badelek, B. and Baum, G. and Beaufays, J. and Bird, I. G. and Botje, M. and Broggini, C. and Brückner, W. and Brüll, A. and Burger, W. J. and Ciborowski, J. and Crittenden, R. and van Dantzig, R. and Döbbeling, H. and Domingo, J. and Drinkard, J. and Dzierba, A. and Engelien, H. and Ferrero, M. I. and Fluri, M. L. and Grafstrom, P. and von Harrach, D. and van der Heijden, M. and Heusch, C. and Ingram, Q. and Jacholkowska, A. and Janson, K. and de Jong, M. and Kabuss, E. M. and Kaiser, R. and Ketel, T. J. and Klein, F. and Korzen, B. and Krüner, U. and Kullander, S. and Landgraf, U. and Lettenström, F. and Lindqvist, T. and Mallot, G. K. and Mariotti, C. and van Middelkoop, G. and Mizuno, Y. and Nassalski, J. and Nowotny, D. and Pavel, N. and Peschel, H. and Peroni, C. and Povh, B. and Rieger, R. and Rith, K. and Röhrich, K. and Rondio, E. and Ropelewski, L. and Sandacz, A. and Scholz, C. and Schumacher, R. and Sennhauser, U. and Sever, F. and Shibata, T.-A. and Siebler, M. and Simon, A. and Staiano, A. and Taylor, G. and Treichel, M. and Vuilleumier, J. L. and Walcher, T. and Welch, K. and Windmolders, R. and Zetsche, F.},
  year = {1991},
  month = may,
  journal = {Phys. Rev. Lett.},
  volume = {66},
  number = {21},
  pages = {2712-2715},
  publisher = {American Physical Society},
  doi = {10.1103/PhysRevLett.66.2712},
  urldate = {2022-02-16}
}

@article{antoniszczurek1996,
  title = {On the Flavour Structure of the Constituent Quark},
  author = {{Antoni Szczurek} and {Alfons J Buchmann} and {Amand Faessler}},
  year = {1996},
  month = dec,
  journal = {J. Phys. G: Nucl. Part. Phys.},
  volume = {22},
  number = {12},
  pages = {1741},
  issn = {0954-3899},
  doi = {10.1088/0954-3899/22/12/004}
}

@inproceedings{apyan2022,
  title = {{{DarkQuest}}: {{A}} Dark Sector Upgrade to {{SpinQuest}} at the 120 {{GeV}} Fermilab Main Injector},
  booktitle = {2022 Snowmass Summer Study},
  author = {Apyan, Aram and others},
  year = {2022},
  month = mar,
  number = {FERMILAB-CONF-22-175-PPD-SCD-T},
  eprint = {2203.08322},
  primaryclass = {hep-ex},
  archiveprefix = {arxiv},
  keywords = {accelerator,dark matter: direct detection,dark matter: excited state,dark matter: mass,hidden sector,mediation,proposed experiment,sensitivity,signature,upgrade}
}

@article{badier1983,
  title = {Experimental ${{J/\psi}}$ hadronic production from 150 to 280 {{GeV/c}}},
  author = {Badier, J. and Boucrot, J. and Bourotte, J. and Burgun, G. and Callot, O. and Charpentier, Ph. and Crozon, M. and Decamp, D. and Delpierre, P. and Gandois, B. and Hagelberg, R. and Hansroul, M. and Karyotakis, Y. and Kienzle, W. and Le Dû, P. and Lefrançois, J. and Leray, Th. and Maillard, J. and Michelini, A. and Miné, Ph. and Rahal, G. and Runolfsson, O. and Siegrist, P. and Tilquin, A. and Timmermans, J. and Valentin, J. and Weisz, S.},
  year = {1983},
  month = jun,
  journal = {Zeitschrift für Physik C Particles and Fields},
  volume = {20},
  number = {CERN-EP/83-86},
  pages = {101-116},
  issn = {1431-5858},
  doi = {10.1007/BF01573213},
  collaboration = {NA3}
}

@article{ball2021,
  title = {The Path to Proton Structure at One-Percent Accuracy},
  author = {Ball, Richard D. and others},
  year = {2021},
  month = sep,
  number = {Edinburgh 2021/12, Nikhef-2021-013, TIF-UNIMI-2021-11},
  eprint = {2109.02653},
  primaryclass = {hep-ph},
  archiveprefix = {arxiv},
  keywords = {CERN LHC Coll,electroweak interaction: correction,High Energy Physics - Experiment,High Energy Physics - Phenomenology,integrability,neural network,nucleus,parametrization,parton: distribution function,programming,stability,sum rule}
}

@article{ball2022,
  title = {Evidence for Intrinsic Charm Quarks in the Proton},
  author = {Ball, Richard D. and Candido, Alessandro and {Cruz-Martinez}, Juan and Forte, Stefano and Giani, Tommaso and Hekhorn, Felix and Kudashkin, Kirill and Magni, Giacomo and Rojo, Juan},
  year = {2022},
  month = aug,
  journal = {Nature},
  volume = {608},
  number = {Nikhef 2021-032, Edinburgh 2021/28, TIF-UNIMI-2021-21},
  eprint = {2208.08372},
  primaryclass = {hep-ph},
  pages = {483--487},
  issn = {1476-4687},
  doi = {10.1038/s41586-022-04998-2},
  archiveprefix = {arxiv},
  collaboration = {NNPDF},
  copyright = {2022 The Author(s)},
  langid = {english},
  keywords = {Experimental particle physics,Phenomenology,Theoretical particle physics}
}

@article{barlow1993,
  title = {Fitting Using Finite {{Monte Carlo}} Samples},
  author = {Barlow, Roger and Beeston, Christine},
  year = {1993},
  month = oct,
  journal = {Computer Physics Communications},
  volume = {77},
  number = {2},
  pages = {219--228},
  issn = {0010-4655},
  doi = {10.1016/0010-4655(93)90005-W},
  urldate = {2021-07-27},
  langid = {english}
}

@article{bjorken1969,
  title = {Asymptotic {{Sum Rules}} at {{Infinite Momentum}}},
  author = {Bjorken, J. D.},
  year = {1969},
  month = mar,
  journal = {Phys. Rev.},
  volume = {179},
  number = {5},
  pages = {1547--1553},
  publisher = {{American Physical Society}},
  doi = {10.1103/PhysRev.179.1547},
  urldate = {2021-08-11}
}

@article{bodwin1995,
  title = {Rigorous {{QCD}} Analysis of Inclusive Annihilation and Production of Heavy Quarkonium},
  author = {Bodwin, Geoffrey T. and Braaten, Eric and Lepage, G. Peter},
  year = {1995},
  month = feb,
  journal = {Phys. Rev. D},
  volume = {51},
  number = {3},
  pages = {1125--1171},
  publisher = {{American Physical Society}},
  doi = {10.1103/PhysRevD.51.1125},
  urldate = {2021-07-20}
}

@article{bodwin1997,
  title = {Erratum: {{Rigorous QCD}} Analysis of Inclusive Annihilation and Production of Heavy Quarkonium [{{Phys}}. {{Rev}}. {{D}} 51, 1125 (1995)]},
  shorttitle = {Erratum},
  author = {Bodwin, Geoffrey T. and Braaten, Eric and Lepage, G. Peter},
  year = {1997},
  month = may,
  journal = {Phys. Rev. D},
  volume = {55},
  number = {9},
  pages = {5853--5854},
  publisher = {{American Physical Society}},
  doi = {10.1103/PhysRevD.55.5853},
  urldate = {2021-07-27}
}

@article{bourrely2015,
  title = {New Developments in the Statistical Approach of Parton Distributions: {{Tests}} and Predictions up to {{LHC}} Energies},
  shorttitle = {New Developments in the Statistical Approach of Parton Distributions},
  author = {Bourrely, Claude and Soffer, Jacques},
  year = {2015},
  month = sep,
  journal = {Nucl. Phys. A},
  volume = {941},
  pages = {307--334},
  issn = {0375-9474},
  doi = {10.1016/j.nuclphysa.2015.06.018},
  urldate = {2019-09-03},
  keywords = {Deep inelastic scattering,Helicity asymmetries,Statistical distributions}
}

@article{brambilla2011,
  title = {Heavy Quarkonium: Progress, Puzzles, and Opportunities},
  shorttitle = {Heavy Quarkonium},
  author = {Brambilla, N. and Eidelman, S. and Heltsley, B. K. and Vogt, R. and Bodwin, G. T. and Eichten, E. and Frawley, A. D. and Meyer, A. B. and Mitchell, R. E. and Papadimitriou, V. and Petreczky, P. and Petrov, A. A. and Robbe, P. and Vairo, A. and Andronic, A. and Arnaldi, R. and Artoisenet, P. and Bali, G. and Bertolin, A. and Bettoni, D. and Brodzicka, J. and Bruno, G. E. and Caldwell, A. and Catmore, J. and Chang, C.-H. and Chao, K.-T. and Chudakov, E. and Cortese, P. and Crochet, P. and Drutskoy, A. and Ellwanger, U. and Faccioli, P. and Gabareen{$~$}Mokhtar, A. and {Garcia{$~$}i{$~$}Tormo}, X. and Hanhart, C. and Harris, F. A. and Kaplan, D. M. and Klein, S. R. and Kowalski, H. and Lansberg, J.-P. and Levichev, E. and Lombardo, V. and Louren{\c c}o, C. and Maltoni, F. and Mocsy, A. and Mussa, R. and Navarra, F. S. and Negrini, M. and Nielsen, M. and Olsen, S. L. and Pakhlov, P. and Pakhlova, G. and Peters, K. and Polosa, A. D. and Qian, W. and Qiu, J.-W. and Rong, G. and {Sanchis-Lozano}, M. A. and Scomparin, E. and Senger, P. and Simon, F. and Stracka, S. and Sumino, Y. and Voloshin, M. and Weiss, C. and W{\"o}hri, H. K. and Yuan, C.-Z.},
  year = {2011},
  month = feb,
  journal = {Eur. Phys. J. C},
  volume = {71},
  number = {2},
  pages = {1534},
  issn = {1434-6052},
  doi = {10.1140/epjc/s10052-010-1534-9},
  urldate = {2022-11-25},
  langid = {english}
}

@article{breidenbach1969,
  title = {Observed {{Behavior}} of {{Highly Inelastic Electron-Proton Scattering}}},
  author = {Breidenbach, M. and Friedman, J. I. and Kendall, H. W. and Bloom, E. D. and Coward, D. H. and DeStaebler, H. and Drees, J. and Mo, L. W. and Taylor, R. E.},
  year = {1969},
  month = oct,
  journal = {Phys. Rev. Lett.},
  volume = {23},
  number = {16},
  pages = {935--939},
  publisher = {{American Physical Society}},
  doi = {10.1103/PhysRevLett.23.935},
  urldate = {2021-08-11}
}

@article{brodsky1980,
  title = {The Intrinsic Charm of the Proton},
  author = {Brodsky, S. J. and Hoyer, P. and Peterson, C. and Sakai, N.},
  year = {1980},
  month = jun,
  journal = {Phys. Lett. B},
  volume = {93},
  number = {4},
  pages = {451--455},
  issn = {0370-2693},
  doi = {10.1016/0370-2693(80)90364-0},
  urldate = {2021-12-07},
  langid = {english}
}

@article{buckley2015,
  title = {{{LHAPDF6}}: Parton Density Access in the {{LHC}} Precision Era},
  shorttitle = {{{LHAPDF6}}},
  author = {Buckley, Andy and Ferrando, James and Lloyd, Stephen and Nordstrom, Karl and Page, Ben and Ruefenacht, Martin and Schoenherr, Marek and Watt, Graeme},
  year = {2015},
  month = mar,
  journal = {Eur. Phys. J. C},
  volume = {75},
  number = {3},
  eprint = {1412.7420},
  primaryclass = {hep-ex, physics:hep-ph},
  pages = {132},
  issn = {1434-6044, 1434-6052},
  doi = {10.1140/epjc/s10052-015-3318-8},
  urldate = {2023-01-27},
  archiveprefix = {arxiv},
  keywords = {High Energy Physics - Experiment,High Energy Physics - Phenomenology}
}

@article{callan1968,
  title = {Crucial {{Test}} of a {{Theory}} of {{Currents}}},
  author = {Callan, C. G. and Gross, David J.},
  year = {1968},
  month = jul,
  journal = {Phys. Rev. Lett.},
  volume = {21},
  number = {5},
  pages = {311--313},
  publisher = {{American Physical Society}},
  doi = {10.1103/PhysRevLett.21.311},
  urldate = {2022-02-13}
}

@article{callan1969,
  title = {High-{{Energy Electroproduction}} and the {{Constitution}} of the {{Electric Current}}},
  author = {Callan, C. G. and Gross, David J.},
  year = {1969},
  month = jan,
  journal = {Phys. Rev. Lett.},
  volume = {22},
  number = {4},
  pages = {156--159},
  publisher = {{American Physical Society}},
  doi = {10.1103/PhysRevLett.22.156},
  urldate = {2022-02-13}
}

@article{catani2007,
  title = {Next-to-{{Next-to-Leading-Order Subtraction Formalism}} in {{Hadron Collisions}} and Its {{Application}} to {{Higgs-Boson Production}} at the {{Large Hadron Collider}}},
  author = {Catani, Stefano and Grazzini, Massimiliano},
  year = {2007},
  month = may,
  journal = {Phys. Rev. Lett.},
  volume = {98},
  number = {22},
  pages = {222002},
  publisher = {{American Physical Society}},
  doi = {10.1103/PhysRevLett.98.222002},
  urldate = {2021-07-27},
  keywords = {DYNNLO}
}

@article{catani2009,
  title = {Vector {{Boson Production}} at {{Hadron Colliders}}: {{A Fully Exclusive QCD Calculation}} at {{Next-to-Next-to-Leading Order}}},
  shorttitle = {Vector {{Boson Production}} at {{Hadron Colliders}}},
  author = {Catani, Stefano and Cieri, Leandro and Ferrera, Giancarlo and {de Florian}, Daniel and Grazzini, Massimiliano},
  year = {2009},
  month = aug,
  journal = {Phys. Rev. Lett.},
  volume = {103},
  number = {8},
  pages = {082001},
  publisher = {{American Physical Society}},
  doi = {10.1103/PhysRevLett.103.082001},
  urldate = {2022-03-18}
}

@article{chang2011,
  title = {Flavor {{Asymmetry}} of the {{Nucleon Sea}} and the {{Five-Quark Components}} of the {{Nucleons}}},
  author = {Chang, Wen-Chen and Peng, Jen-Chieh},
  year = {2011},
  month = jun,
  journal = {Phys. Rev. Lett.},
  volume = {106},
  number = {25},
  pages = {252002},
  publisher = {{American Physical Society}},
  doi = {10.1103/PhysRevLett.106.252002},
  urldate = {2021-12-03}
}

@article{chang2011a,
  title = {Extraction of Various Five-Quark Components of the Nucleons},
  author = {Chang, Wen-Chen and Peng, Jen-Chieh},
  year = {2011},
  month = oct,
  journal = {Phys. Lett. B},
  volume = {704},
  number = {3},
  pages = {197--200},
  issn = {0370-2693},
  doi = {10.1016/j.physletb.2011.08.077},
  urldate = {2021-12-07},
  langid = {english},
  keywords = {Five-quark states,Intrinsic sea quark,Nucleon structure}
}

@article{chang2020,
  title = {Constraining gluon density of pions at large {$x$} by pion-induced {$J/\psi$} production},
  author = {Chang, Wen-Chen and Peng, Jen-Chieh and Platchkov, Stephane and Sawada, Takahiro},
  year = {2020},
  month = sep,
  journal = {Phys. Rev. D},
  volume = {102},
  number = {5},
  pages = {054024},
  publisher = {American Physical Society},
  doi = {10.1103/PhysRevD.102.054024},
  urldate = {2020-10-14}
}

@misc{chang2021,
  author = {Chang, Wen-Chen},
  year = {2021},
  howpublished = {Private Communications}
}

@misc{chang2022,
  title = {Fixed-Target Charmonium Production and Pion Parton Distributions},
  author = {Chang, Wen-Chen and Peng, Jen-Chieh and Platchkov, Stephane and Sawada, Takahiro},
  year = {2022},
  month = sep,
  number = {arXiv:2209.04072},
  eprint = {arXiv:2209.04072},
  publisher = {{arXiv}},
  doi = {10.48550/arXiv.2209.04072},
  urldate = {2023-03-03},
  archiveprefix = {arxiv},
  keywords = {High Energy Physics - Experiment,High Energy Physics - Phenomenology,Nuclear Experiment,Nuclear Theory}
}

@article{chen2018,
  title = {Lattice Calculation of Parton Distribution Function from {{LaMET}} at Physical Pion Mass with Large Nucleon Momentum},
  author = {Chen, Jiunn-Wei and Jin, Luchang and Lin, Huey-Wen and Liu, Yu-Sheng and Yang, Yi-Bo and Zhang, Jian-Hui and Zhao, Yong},
  year = {2018},
  month = mar,
  number = {MSUHEP-18-003, MIT-CTP/4991, MIT-CTP-4991},
  eprint = {1803.04393},
  primaryclass = {hep-lat},
  archiveprefix = {arxiv},
  keywords = {effective field theory,excited state,isovector,lattice field theory,nucleon: momentum,numerical calculations,parton: distribution function,quantum chromodynamics,quark: mass dependence,quark: staggered}
}

@article{clark1978,
  title = {Electron Pair Production at the {{CERN ISR}}},
  author = {Clark, A.G. and Darriulat, P. and Eggert, K. and Hungerb{\"u}hler, V. and Renshall, H.R. and Strauss, J. and Zallo, A. and Aubert, B. and Banner, M. and Cheze, J.C. and Modis, T. and Perez, P. and Smadja, G. and Teiger, J. and Tur, C. and Vialle, J.P. and Zaccone, H. and Zylberstejn, A. and Jenni, P. and Strolin, P. and Tarnopolsky, G.J.},
  year = {1978},
  journal = {Nucl. Phys. B},
  volume = {142},
  number = {1},
  pages = {29--52},
  issn = {0550-3213},
  doi = {10.1016/0550-3213(78)90400-5}
}

@misc{CODA,
  title = {Welcome | {{Data Acquisition Support}}},
  author = {{Thomas Jefferson National Accelerator Facility}},
  urldate = {2023-03-01},
  howpublished = {\url{https://coda.jlab.org/drupal/}}
}

@article{collins1977,
  title = {Angular Distribution of Dileptons in High-Energy Hadron Collisions},
  author = {Collins, John C. and Soper, Davison E.},
  year = {1977},
  month = oct,
  journal = {Phys. Rev. D},
  volume = {16},
  number = {7},
  pages = {2219--2225},
  publisher = {{American Physical Society}},
  doi = {10.1103/PhysRevD.16.2219}
}

@article{collins1989,
  title = {Factorization of Hard Processes in {{QCD}}},
  author = {Collins, John C. and Soper, Davison E. and Sterman, George F.},
  year = {1989},
  journal = {Adv. Ser. Direct. High Energy Phys.},
  volume = {5},
  number = {ITP-SB-89-31},
  eprint = {hep-ph/0409313},
  pages = {1--91},
  doi = {10.1142/9789814503266_0001},
  archiveprefix = {arxiv},
  keywords = {FEYNMAN GRAPH: FACTORIZATION,HADRON HADRON: INCLUSIVE REACTION,HARD SCATTERING: MODEL,LEPTON HADRON: DEEP INELASTIC SCATTERING,LEPTON: PAIR PRODUCTION,MODEL: DRELL-YAN,MODEL: HARD SCATTERING,PAIR PRODUCTION: LEPTON,QUANTUM CHROMODYNAMICS: PERTURBATION THEORY,REVIEW}
}

@misc{concept-book,
  title = {Concepts {{Rookie Book}}},
  author = {{Fermilab}},
  year = {2020},
  month = aug,
  urldate = {2022-03-06},
  howpublished = {\url{https://operations.fnal.gov/rookie_books/concepts.pdf}}
}

@article{constantinou2021,
  title = {Parton Distributions and Lattice-{{QCD}} Calculations: {{Toward 3D}} Structure},
  shorttitle = {Parton Distributions and Lattice-{{QCD}} Calculations},
  author = {Constantinou, Martha and Courtoy, Aurore and Ebert, Markus A. and Engelhardt, Michael and Giani, Tommaso and Hobbs, Tim and Hou, Tie-Jiun and Kusina, Aleksander and Kutak, Krzysztof and Liang, Jian and Lin, Huey-Wen and Liu, Keh-Fei and Liuti, Simonetta and Mezrag, C{\'e}dric and Nadolsky, Pavel and Nocera, Emanuele R. and Olness, Fred and Qiu, Jian-Wei and Radici, Marco and Radyushkin, Anatoly and Rajan, Abha and Rogers, Ted and Rojo, Juan and Schierholz, Gerrit and Yuan, C. -P. and Zhang, Jian-Hui and Zhang, Rui},
  year = {2021},
  month = nov,
  journal = {Prog. Part. Nucl. Phys.},
  volume = {121},
  pages = {103908},
  issn = {0146-6410},
  doi = {10.1016/j.ppnp.2021.103908},
  urldate = {2023-01-31},
  langid = {english},
  keywords = {Generalized Parton Distributions (GPD),Global QCD fits,Lattice QCD,Transverse Momentum Dependent PDFs (TMD PDFs),Unpolarized/polarized parton distribution functions (PDFs)}
}

@article{conway1989,
  title = {Experimental Study of Muon Pairs Produced by 252-{{GeV}} Pions on Tungsten},
  author = {Conway, J. S. and Adolphsen, C. E. and Alexander, J. P. and Anderson, K. J. and Heinrich, J. G. and Pilcher, J. E. and Possoz, A. and Rosenberg, E. I. and Biino, C. and Greenhalgh, J. F. and Louis, W. C. and McDonald, K. T. and Palestini, S. and Shoemaker, F. C. and Smith, A. J. S.},
  year = {1989},
  month = jan,
  journal = {Phys. Rev. D},
  volume = {39},
  number = {1},
  pages = {92--122},
  doi = {10.1103/PhysRevD.39.92},
  urldate = {2018-10-17}
}

@article{crabb1995,
  title = {The {{Virginia}}/{{Basel}}/{{SLAC}} Polarized Target: Operation and Performance during Experiment {{E143}} at {{SLAC}}},
  shorttitle = {The {{Virginia}}/{{Basel}}/{{SLAC}} Polarized Target},
  author = {Crabb, D. G. and Day, D. B.},
  year = {1995},
  month = mar,
  journal = {Nucl. Instrum. Methods Phys. Res., Sect. A},
  series = {Proceedings of the {{Seventh International Workshop}} on {{Polarized Target Materials}} and {{Techniques}}},
  volume = {356},
  number = {1},
  pages = {9--19},
  issn = {0168-9002},
  doi = {10.1016/0168-9002(94)01436-1},
  urldate = {2022-01-16},
  langid = {english}
}

@article{dalesio1994,
  title = {The Experimental Physics and Industrial Control System Architecture: Past, Present, and Future},
  shorttitle = {The Experimental Physics and Industrial Control System Architecture},
  author = {Dalesio, Leo R. and Hill, Jeffrey O. and Kraimer, Martin and Lewis, Stephen and Murray, Douglas and Hunt, Stephan and Watson, William and Clausen, Matthias and Dalesio, John},
  year = {1994},
  month = dec,
  journal = {Nucl. Instrum. Methods Phys. Res., Sect. A},
  volume = {352},
  number = {1-2},
  pages = {179--184},
  issn = {01689002},
  doi = {10.1016/0168-9002(94)91493-1},
  urldate = {2023-03-01},
  langid = {english}
}

@phdthesis{dove2020,
  title = {Probing the Flavor Dependence of Proton's Light-Quark Sea in the {{SeaQuest}} Experiment at {{Fermilab}}},
  author = {Dove, Jason},
  year = {2020},
  school = {University of Illinois at Urbana-Champaign}
}

@article{dove2021,
  title = {The Asymmetry of Antimatter in the Proton},
  author = {Dove, J. and Kerns, B. and McClellan, R. E. and Miyasaka, S. and Morton, D. H. and Nagai, K. and Prasad, S. and Sanftl, F. and Scott, M. B. C. and Tadepalli, A. S. and Aidala, C. A. and Arrington, J. and Ayuso, C. and Barker, C. L. and Brown, C. N. and Chang, W. C. and Chen, A. and Christian, D. C. and Dannowitz, B. P. and Daugherity, M. and Diefenthaler, M. and El Fassi, L. and Geesaman, D. F. and Gilman, R. and Goto, Y. and Guo, L. and Guo, R. and Hague, T. J. and Holt, R. J. and Isenhower, D. and Kinney, E. R. and Kitts, N. and Klein, A. and Kleinjan, D. W. and Kudo, Y. and Leung, C. and Lin, P.-J. and Liu, K. and Liu, M. X. and Lorenzon, W. and Makins, N. C. R. and {de Medeiros}, M. Mesquita and McGaughey, P. L. and Miyachi, Y. and Mooney, I. and Nakahara, K. and Nakano, K. and Nara, S. and Peng, J.-C. and Puckett, A. J. and Ramson, B. J. and Reimer, P. E. and Rubin, J. G. and Sawada, S. and Sawada, T. and Shibata, T.-A. and Su, D. and Teo, M. and Tice, B. G. and Towell, R. S. and Uemura, S. and Watson, S. and Wang, S. G. and Wickes, A. B. and Wu, J. and Xi, Z. and Ye, Z.},
  year = {2021},
  month = feb,
  journal = {Nature},
  volume = {590},
  number = {7847},
  pages = {561--565},
  publisher = {{Nature Publishing Group}},
  issn = {1476-4687},
  doi = {10.1038/s41586-021-03282-z},
  urldate = {2021-07-20},
  copyright = {2021 This is a U.S. government work and not under copyright protection in the U.S.; foreign copyright protection may apply},
  langid = {english},
  annotation = {Bandiera{$\_$}abtest: a Cg{$\_$}type: Nature Research Journals Primary{$\_$}atype: Research Subject{$\_$}term: Experimental nuclear physics;Experimental particle physics Subject{$\_$}term{$\_$}id: experimental-nuclear-physics;experimental-particle-physics}
}

@misc{dove2023,
  title = {Measurement of flavor asymmetry of light-quark sea in the proton with Drell-Yan dimuon production in $p+p$ and $p+d$ collisions at 120 GeV},
  author = {Dove, J. and Kerns, B. and Leung, C. and McClellan, R. E. and Miyasaka, S. and Morton, D. H. and Nagai, K. and Prasad, S. and Sanftl, F. and Scott, M. B. C. and Tadepalli, A. S. and Aidala, C. A. and Arrington, J. and Ayuso, C. and Barker, C. T. and Brown, C. N. and Chang, T. H. and Chang, W. C. and Chen, A. and Christian, D. C. and Dannowitz, B. P. and Daugherity, M. and Diefenthaler, M. and Fassi, L. El and Geesaman, D. F. and Gilman, R. and Goto, Y. and Guo, L. and Guo, R. and Hague, T. J. and Holt, R. J. and Isenhower, D. and Kinney, E. R. and Kitts, N. D. and Klein, A. and Kleinjan, D. W. and Kudo, Y. and Lin, P.-J. and Liu, K. and Liu, M. X. and Lorenzon, W. and Makins, N. C. R. and de Medeiros, M. Mesquita and McGaughey, P. L. and Miyachi, Y. and Mooney, I. and Nakahara, K. and Nakano, K. and Nara, S. and Peng, J. C. and Puckett, A. J. and Ramson, B. J. and Reimer, P. E. and Rubin, J. G. and Sawada, S. and Sawada, T. and Shibata, T.-A. and Shiu, S. H. and Su, D. and Teo, M. and Tice, B. G. and Towell, R. S. and Uemura, S. and Watson, T. S. and Wang, S. G. and Wickes, A. B. and Wu, J. and Xi, Z. and Ye, Z.},
  year = {2023},
  month = jan,
  number = {arXiv:2212.12160},
  eprint = {arXiv:2212.12160},
  publisher = {arXiv},
  doi = {10.48550/arXiv.2212.12160},
  urldate = {2023-01-15},
  archiveprefix = {arxiv},
  copyright = {All rights reserved},
  keywords = {High Energy Physics - Experiment,High Energy Physics - Phenomenology,Nuclear Experiment}
}

@phdthesis{drapier1998,
  title = {\'Etude Des Distributions En Impulsion Transverse Des Dimuons Produits Dans Les Collisions Noyau-Noyau Aupr\`es Du {{SPS}} Du {{CERN}}},
  author = {Drapier, O.},
  year = {1998},
  number = {SIS-2000-246},
  school = {Lyon 1},
  note = {\url{https://cds.cern.ch/record/461496}}
}

@article{drell1970,
  title = {Massive {{Lepton-Pair Production}} in {{Hadron-Hadron Collisions}} at {{High Energies}}},
  author = {Drell, Sidney D. and Yan, Tung-Mow},
  year = {1970},
  month = aug,
  journal = {Phys. Rev. Lett.},
  volume = {25},
  number = {5},
  pages = {316--320},
  publisher = {{American Physical Society}},
  doi = {10.1103/PhysRevLett.25.316},
  urldate = {2021-07-14}
}

@article{duke1984,
  title = {${Q}^{2}$-dependent parametrizations of parton distribution functions},
  author = {Duke, D. W. and Owens, J. F.},
  year = {1984},
  month = jul,
  journal = {Phys. Rev. D},
  volume = {30},
  number = {1},
  pages = {49-54},
  publisher = {American Physical Society},
  doi = {10.1103/PhysRevD.30.49},
  urldate = {2023-01-04}
}

@article{einhorn1975,
  title = {Hadronic Production of the New Resonances: {{Probing}} Gluon Distributions},
  shorttitle = {Hadronic Production of the New Resonances},
  author = {Einhorn, M. B. and Ellis, S. D.},
  year = {1975},
  month = oct,
  journal = {Phys. Rev. D},
  volume = {12},
  number = {7},
  pages = {2007--2014},
  publisher = {{American Physical Society}},
  doi = {10.1103/PhysRevD.12.2007},
  urldate = {2021-08-24}
}

@article{fan2023,
  title = {Measurement of the Electron Magnetic Moment},
  author = {Fan, X. and Myers, T. G. and Sukra, B. A. D. and Gabrielse, G.},
  year = {2023},
  month = feb,
  journal = {Phys. Rev. Lett.},
  volume = {130},
  number = {7},
  pages = {071801},
  publisher = {{American Physical Society}},
  doi = {10.1103/PhysRevLett.130.071801}
}

@article{feynman1969,
  title = {Very {{High-Energy Collisions}} of {{Hadrons}}},
  author = {Feynman, Richard P.},
  year = {1969},
  month = dec,
  journal = {Phys. Rev. Lett.},
  volume = {23},
  number = {24},
  pages = {1415--1417},
  publisher = {{American Physical Society}},
  doi = {10.1103/PhysRevLett.23.1415},
  urldate = {2021-08-09}
}

@article{field1977,
  title = {Quark Elastic Scattering as a Source of High-Transverse-Momentum Mesons},
  author = {Field, R. D. and Feynman, R. P.},
  year = {1977},
  month = may,
  journal = {Phys. Rev. D},
  volume = {15},
  number = {9},
  pages = {2590--2616},
  publisher = {{American Physical Society}},
  doi = {10.1103/PhysRevD.15.2590},
  urldate = {2022-07-23}
}

@article{friedman1972,
  title = {Deep {{Inelastic Electron Scattering}}},
  author = {Friedman, J I and Kendall, H W},
  year = {1972},
  journal = {Annu. Rev. Nucl. Sci.},
  volume = {22},
  number = {1},
  pages = {203--254},
  doi = {10.1146/annurev.ns.22.120172.001223},
  urldate = {2022-02-05}
}

@article{frisch1933,
  title = {{\"Uber die magnetische Ablenkung von Wasserstoffmolek\"ulen und das magnetische Moment des Protons. I}},
  author = {Frisch, R. and Stern, O.},
  year = {1933},
  month = jan,
  journal = {Z. Physik},
  volume = {85},
  number = {1},
  pages = {4--16},
  issn = {0044-3328},
  doi = {10.1007/BF01330773},
  urldate = {2022-03-05},
  langid = {ngerman}
}

@article{fritzsch1972,
  title = {Current Algebra: {{Quarks}} and What Else?},
  author = {Fritzsch, Harald and {Gell-Mann}, Murray},
  editor = {Jackson, J. D. and Roberts, A.},
  year = {1972},
  journal = {eConf},
  volume = {C720906V2},
  eprint = {hep-ph/0208010},
  pages = {135--165},
  archiveprefix = {arxiv},
  keywords = {color,current algebra,field theory: light cone,field theory: operator algebra,gluon,light cone behavior,model: gluon,nucleon: model,perturbation theory,quantum chromodynamics}
}

@article{fritzsch1973,
  title = {Advantages of the {{Color Octet Gluon Picture}}},
  author = {Fritzsch, H. and {Gell-Mann}, Murray and Leutwyler, H.},
  year = {1973},
  journal = {Phys. Lett. B},
  volume = {47},
  pages = {365--368},
  doi = {10.1016/0370-2693(73)90625-4},
  keywords = {CURRENT ALGEBRA: ANOMALY,CURRENT: HADRONIC,FIELD THEORETICAL MODEL,GAUGE FIELD THEORY: SU(3) X SU(3),GAUGE FIELD THEORY: YANG-MILLS,GLUON,MODEL: OCTET,MULTIPLET,QUARK: COLOR,SCALING: VIOLATION}
}

@article{geesaman2014,
  title = {Letter of Intent for a Drell-Yan Experiment with a Polarized Proton Target},
  author = {Geesaman, D. and Reimer, P. and Brown, C. and Christian, D. and Diefenthaler, M. and Peng, J. -C. and Chang, W. -C. and Chen, Y. -C. and Sawada, S. and Chang, T. -H. and Huang, J. and Jiang, X. and Leitch, M. and Klein, A. and Liu, K. and Liu, M. and McGaughey, P. and Beise, E. and Nakahara, K. and Aidala, C. and Lorenzon, W. and Raymond, R. and Badman, T. and Long, E. and Slifer, K. and Zielinski, R. and Guo, R. -S. and Goto, Y. and El Fassi, L. and Myers, K. and Ransome, R. and Tadepalli, A. and Tice, B. and Chen, J. -P. and Nakano, K. and Shibata, T. -A. and Crabb, D. and Day, D. and Keller, D. and Rondon, O.},
  year = {2014},
  month = jan,
  address = {{United States}},
  doi = {10.2172/1296770}
}

@article{gell-mann1964,
  title = {A Schematic Model of Baryons and Mesons},
  author = {{Gell-Mann}, Murray},
  year = {1964},
  journal = {Phys. Lett.},
  volume = {8},
  pages = {214--215},
  doi = {10.1016/S0031-9163(64)92001-3}
}

@article{gottfried1967,
  title = {Sum {{Rule}} for {{High-Energy Electron-Proton Scattering}}},
  author = {Gottfried, Kurt},
  year = {1967},
  month = jun,
  journal = {Phys. Rev. Lett.},
  volume = {18},
  number = {25},
  pages = {1174--1177},
  publisher = {{American Physical Society}},
  doi = {10.1103/PhysRevLett.18.1174},
  urldate = {2022-02-16}
}

@article{hinchliffe1996,
  title = {{{PARTON-MODEL SUM RULES}}},
  author = {Hinchliffe, Ian and Kwiatkowski, Axel},
  year = {1996},
  month = dec,
  journal = {Annu. Rev. Nucl. Part. Sci.},
  volume = {46},
  number = {1},
  pages = {609--645},
  issn = {0163-8998, 1545-4134},
  doi = {10.1146/annurev.nucl.46.1.609},
  urldate = {2021-07-27},
  langid = {english}
}

@article{hofstadter1956,
  title = {Electron {{Scattering}} and {{Nuclear Structure}}},
  author = {Hofstadter, Robert},
  year = {1956},
  month = jul,
  journal = {Rev. Mod. Phys.},
  volume = {28},
  number = {3},
  pages = {214--254},
  publisher = {{American Physical Society}},
  doi = {10.1103/RevModPhys.28.214},
  urldate = {2022-01-21}
}

@article{hou2021,
  title = {New {{CTEQ}} Global Analysis of Quantum Chromodynamics with High-Precision Data from the {{LHC}}},
  author = {Hou, Tie-Jiun and Gao, Jun and Hobbs, T. J. and Xie, Keping and Dulat, Sayipjamal and Guzzi, Marco and Huston, Joey and Nadolsky, Pavel and Pumplin, Jon and Schmidt, Carl and Sitiwaldi, Ibrahim and Stump, Daniel and Yuan, C.-P.},
  year = {2021},
  month = jan,
  journal = {Phys. Rev. D},
  volume = {103},
  number = {1},
  pages = {014013},
  publisher = {{American Physical Society}},
  doi = {10.1103/PhysRevD.103.014013},
  keywords = {High Energy Physics - Experiment,High Energy Physics - Phenomenology,Nuclear Theory}
}

@article{hsieh2021,
  title = {{{NRQCD}} Analysis of Charmonium Production with Pion and Proton Beams at Fixed-Target Energies},
  author = {Hsieh, Chia-Yu and Lian, Yu-Shiang and Chang, Wen-Chen and Peng, Jen-Chieh and Platchkov, Stephane and Sawada, Takahiro},
  year = {2021},
  month = oct,
  journal = {Chin. J. Phys},
  volume = {73},
  pages = {13--23},
  issn = {0577-9073},
  doi = {10.1016/j.cjph.2021.06.001},
  urldate = {2021-08-20},
  langid = {english},
  keywords = {Charmonium production,Color-octet matrix elements,Gluon,NRQCD,Pion PDFs}
}

@techreport{isenhower2001,
  title = {Proposal for {{Drell-Yan Measurements}} of {{Nucleon}} and {{Nuclear Structure}} with the {{FNAL Main Injector}}},
  author = {Isenhower, L. D. and Sadler, M. E. and Arrinton, J. and Geesamn, D. F. and Holt, R. J. and Jackson, H. E. and Reimer, P. E. and Potterveld, D. H. and Brown, C. N. and Garvey, G. T. and Leitch, M. J.},
  year = {2001},
  month = apr,
  number = {FERMILAB-PROPOSAL-0906},
  institution = {{Fermi National Accelerator Lab. (FNAL), Batavia, IL (United States)}},
  doi = {10.2172/993214},
  urldate = {2022-11-15},
  langid = {english}
}

@article{ji2021,
  title = {Large-Momentum Effective Theory},
  author = {Ji, Xiangdong and Liu, Yu-Sheng and Liu, Yizhuang and Zhang, Jian-Hui and Zhao, Yong},
  year = {2021},
  journal = {Rev. Mod. Phys.},
  volume = {93},
  number = {3},
  pages = {035005},
  doi = {10.1103/RevModPhys.93.035005},
  keywords = {electron nucleon: colliding beams,generalized parton distribution,lattice field theory,model: parton,parton: distribution function,quantum chromodynamics,review,symmetry: Lorentz,transverse momentum dependence,wave function: light front}
}

@article{kaplan1978,
  title = {Study of the {{High-Mass Dimuon Continuum}} in 400-{{GeV Proton-Nucleus Collisions}}},
  author = {Kaplan, D. M. and Fisk, R. J. and Ito, A. S. and J{\"o}stlein, H. and Appel, J. A. and Brown, B. C. and Brown, C. N. and Innes, W. R. and Kephart, R. D. and Ueno, K. and Yamanouchi, T. and Herb, S. W. and Hom, D. C. and Lederman, L. M. and Sens, J. C. and Snyder, H. D. and Yoh, J. K.},
  year = {1978},
  month = feb,
  journal = {Phys. Rev. Lett.},
  volume = {40},
  number = {7},
  pages = {435--438},
  publisher = {{American Physical Society}},
  doi = {10.1103/PhysRevLett.40.435},
  urldate = {2021-07-20}
}

@article{kataev2003,
  title = {Order {{$\alpha_S^2$}} perturbative {{QCD}} corrections to the {{Gottfried}} sum rule},
  author = {Kataev, A. L. and Parente, G.},
  year = {2003},
  month = jul,
  journal = {Phys. Lett. B},
  volume = {566},
  number = {1},
  pages = {120-124},
  issn = {0370-2693},
  doi = {10.1016/S0370-2693(03)00771-8},
  urldate = {2023-02-02},
  langid = {english},
  keywords = {Deep-inelastic scattering sum rules,Perturbation theory}
}

@article{kendall1991,
  title = {Deep Inelastic Scattering: {{Experiments}} on the Proton and the Observation of Scaling},
  shorttitle = {Deep Inelastic Scattering},
  author = {Kendall, Henry W.},
  year = {1991},
  month = jul,
  journal = {Rev. Mod. Phys.},
  volume = {63},
  number = {3},
  pages = {597--614},
  publisher = {{American Physical Society}},
  doi = {10.1103/RevModPhys.63.597},
  urldate = {2022-01-30}
}

@phdthesis{kerns2018,
  title = {A Measurement of the x Dependent Sea Flavor Asymmetry at {{SeaQuest}}},
  author = {Kerns, Bryan Medaris},
  year = {2018},
  school = {University of Illinois at Urbana-Champaign}
}

@article{kubar1980,
  title = {{{QCD}} Corrections to the {{Drell-Yan}} Mechanism and the Pion Structure Function},
  author = {Kubar, J. and Le Bellac, M. and Meunier, J. L. and Plaut, G.},
  year = {1980},
  month = nov,
  journal = {Nucl. Phys. B},
  volume = {175},
  number = {2},
  pages = {251--275},
  issn = {0550-3213},
  doi = {10.1016/0550-3213(80)90053-X},
  urldate = {2022-11-25},
  langid = {english}
}

@article{kumano1998,
  title = {Flavor Asymmetry of Antiquark Distributions in the Nucleon},
  author = {Kumano, S.},
  year = {1998},
  month = sep,
  journal = {Phys. Rep.},
  volume = {303},
  number = {4},
  pages = {183--257},
  issn = {0370-1573},
  doi = {10.1016/S0370-1573(98)00016-7},
  urldate = {2022-07-23},
  langid = {english},
  keywords = {Antiquark distribution,Flavor asymmetry,Gottfried sum,Structure function}
}

@misc{kurtzer2021,
  title = {Hpcng/Singularity: {{Singularity}} 3.7.3},
  shorttitle = {Hpcng/Singularity},
  author = {Kurtzer, Gregory M. and {cclerget} and Bauer, Michael and Kaneshiro, Ian and Trudgian, David and Godlove, David},
  year = {2021},
  month = apr,
  doi = {10.5281/zenodo.4667718},
  urldate = {2023-02-23},
  howpublished = {Zenodo}
}

@article{lam1980,
  title = {Parton-Model Relation without Quantum-Chromodynamic Modifications in Lepton Pair Production},
  author = {Lam, C. S. and Tung, Wu-Ki},
  year = {1980},
  month = may,
  journal = {Phys. Rev. D},
  volume = {21},
  number = {9},
  pages = {2712--2715},
  publisher = {{American Physical Society}},
  doi = {10.1103/PhysRevD.21.2712}
}

@inproceedings{li1998,
  title = {The Proton Spin and Flavor Structure in the Chiral Quark Model},
  booktitle = {Comput. {{Part}}. {{Prop}}.},
  author = {Li, Ling-Fong and Cheng, T. P.},
  editor = {Gausterer, Helmut and Lang, Christian B.},
  year = {1998},
  series = {Lecture {{Notes}} in {{Physics}}},
  pages = {115--160},
  publisher = {{Springer}},
  address = {{Berlin, Heidelberg}},
  doi = {10.1007/BFb0106894},
  isbn = {978-3-540-69183-9},
  langid = {english},
  keywords = {Constituent Quark,Deep Inelastic Scattering,Goldstone Boson,Quark Model,Strange Quark}
}

@article{mangano1993,
  title = {Fixed-Target Hadroproduction of Heavy Quarks},
  author = {Mangano, Michelangelo L. and Nason, Paolo and Ridolfi, Giovanni},
  year = {1993},
  month = sep,
  journal = {Nucl. Phys. B},
  volume = {405},
  number = {2},
  pages = {507--535},
  issn = {0550-3213},
  doi = {10.1016/0550-3213(93)90557-6},
  urldate = {2020-06-11},
  langid = {english}
}

@article{mcallister1956,
  title = {Elastic {{Scattering}} of 188-{{Mev Electrons}} from the {{Proton}} and the {{Alpha Particle}}},
  author = {McAllister, R. W. and Hofstadter, R.},
  year = {1956},
  month = may,
  journal = {Phys. Rev.},
  volume = {102},
  number = {3},
  pages = {851--856},
  publisher = {{American Physical Society}},
  doi = {10.1103/PhysRev.102.851},
  urldate = {2022-01-21}
}

@article{mcgaughey1999,
  title = {High-Energy Hadron-Induced Dilepton Production from Nucleons and Nuclei},
  author = {McGaughey, P. L. and Moss, J. M. and Peng, J. C.},
  year = {1999},
  month = dec,
  journal = {Annu. Rev. Nucl. Part. Sci.},
  volume = {49},
  number = {1},
  pages = {217--253},
  publisher = {{Annual Reviews}},
  issn = {0163-8998},
  doi = {10.1146/annurev.nucl.49.1.217},
  urldate = {2021-07-27},
  keywords = {Drell-Yan,JCPeng,nuclear dependence,quarkonium,review}
}

@misc{MI-book,
  title = {Main {{Injector Rookie Book}}},
  author = {{Fermilab}},
  year = {2003},
  month = jun,
  urldate = {2022-03-06},
  howpublished = {\url{https://operations.fnal.gov/rookie_books/Main_Injector_v1.1.pdf}}
}

@article{miller2007,
  title = {Charge {{Densities}} of the {{Neutron}} and {{Proton}}},
  author = {Miller, Gerald A.},
  year = {2007},
  month = sep,
  journal = {Phys. Rev. Lett.},
  volume = {99},
  number = {11},
  pages = {112001},
  publisher = {{American Physical Society}},
  doi = {10.1103/PhysRevLett.99.112001},
  urldate = {2022-01-29}
}

@article{miller2019,
  title = {Defining the Proton Radius: {{A}} Unified Treatment},
  shorttitle = {Defining the Proton Radius},
  author = {Miller, Gerald A.},
  year = {2019},
  month = mar,
  journal = {Phys. Rev. C},
  volume = {99},
  number = {3},
  pages = {035202},
  publisher = {{American Physical Society}},
  doi = {10.1103/PhysRevC.99.035202},
  urldate = {2022-07-30}
}

@article{morris2008,
  title = {Tomographic {{Imaging}} with {{Cosmic Ray Muons}}},
  author = {MORRIS, C. L. and ALEXANDER, C. C. and BACON, J. D. and BOROZDIN, K. N. and CLARK, D. J. and CHARTRAND, R. and ESPINOZA, C. J. and FRASER, A. M. and GALASSI, M. C. and GREEN, J. A. and GONZALES, J. S. and GOMEZ, J. J. and HENGARTNER, N. W. and HOGAN, G. E. and KLIMENKO, A. V. and MAKELA, M. F. and McGAUGHEY, P. and MEDINA, J. J. and PAZUCHANICS, F. E. and PRIEDHORSKY, W. C. and RAMSEY, J. C. and SAUNDERS, A. and SCHIRATO, R. C. and SCHULTZ, L. J. and SOSSONG, M. J. and BLANPIED, G. S.},
  year = {2008},
  month = oct,
  journal = {Sci. Glob. Secur.},
  volume = {16},
  number = {1-2},
  pages = {37--53},
  publisher = {{Routledge}},
  issn = {0892-9882},
  doi = {10.1080/08929880802335758},
  urldate = {2022-04-08}
}

@article{peng1995,
  title = {Probing {{$\bar{u}/\bar{d}$}} asymmetry in the proton via quarkonium production},
  author = {Peng, J. C. and Jansen, D. M. and Chen, Y. C.},
  year = {1995},
  month = jan,
  journal = {Phys. Lett. B},
  volume = {344},
  number = {1},
  pages = {1-5},
  issn = {0370-2693},
  doi = {10.1016/0370-2693(94)01466-P},
  urldate = {2021-07-27},
  langid = {english}
}

@article{peng1998,
  title = {{{$\bar{d}/\bar{u}$}} asymmetry and the origin of the nucleon sea},
  author = {Peng, J. C. and Garvey, G. T. and Awes, T. C. and Beddo, M. E. and Brooks, M. L. and Brown, C. N. and Bush, J. D. and Carey, T. A. and Chang, T. H. and Cooper, W. E. and Gagliardi, C. A. and Geesaman, D. F. and Hawker, E. A. and He, X. C. and Isenhower, L. D. and Kaufman, S. B. and Kaplan, D. M. and Kirk, P. N. and Koetke, D. D. and Kyle, G. and Lee, D. M. and Lee, W. M. and Leitch, M. J. and Makins, N. and McGaughey, P. L. and Moss, J. M. and Mueller, B. A. and Nord, P. M. and Park, B. K. and Papavassiliou, V. and Petitt, G. and Reimer, P. E. and Sadler, M. E. and Stankus, P. W. and Sondheim, W. E. and Thompson, T. N. and Towell, R. S. and Tribble, R. E. and Vasiliev, M. A. and Wang, Y. C. and Wang, Z. F. and Webb, J. C. and Willis, J. L. and Wise, D. K. and Young, G. R.},
  year = {1998},
  month = sep,
  journal = {Phys. Rev. D},
  volume = {58},
  number = {9},
  pages = {092004},
  publisher = {American Physical Society},
  doi = {10.1103/PhysRevD.58.092004},
  collaboration = {FNAL E866/NuSea Collaboration}
}

@article{peng2019,
  title = {On the Rotational Invariance and Non-Invariance of Lepton Angular Distributions in {{Drell}}\textendash{{Yan}} and Quarkonium Production},
  author = {Peng, Jen-Chieh and Boer, Dani{\"e}l and Chang, Wen-Chen and McClellan, Randall Evan and Teryaev, Oleg},
  year = {2019},
  month = feb,
  journal = {Phys. Lett. B},
  volume = {789},
  pages = {356--359},
  issn = {0370-2693},
  doi = {10.1016/j.physletb.2018.11.061},
  urldate = {2021-11-23},
  langid = {english},
  keywords = {Drell–Yan process,Lam–Tung relation,Quarkonium production,Rotational invariance}
}

@phdthesis{prasad2020,
  title = {Measurement of High-Mass Dimuon Production for p+ p and p+ d Collisions with 120 {{GeV}} Proton Beam at {{Fermilab}}},
  author = {Prasad, Shivangi},
  year = {2020},
  school = {University of Illinois at Urbana-Champaign}
}

@article{rabi1934,
  title = {The {{Magnetic Moment}} of the {{Deuton}}},
  author = {Rabi, I. I. and Kellogg, J. M. B. and Zacharias, J. R.},
  year = {1934},
  month = aug,
  journal = {Phys. Rev.},
  volume = {46},
  number = {3},
  pages = {163--165},
  publisher = {{American Physical Society}},
  doi = {10.1103/PhysRev.46.163},
  urldate = {2022-01-21}
}

@article{rosenbluth1950,
  title = {High {{Energy Elastic Scattering}} of {{Electrons}} on {{Protons}}},
  author = {Rosenbluth, M. N.},
  year = {1950},
  month = aug,
  journal = {Phys. Rev.},
  volume = {79},
  number = {4},
  pages = {615--619},
  publisher = {{American Physical Society}},
  doi = {10.1103/PhysRev.79.615},
  urldate = {2022-03-05}
}

@article{ruthpordes2007,
  title = {The Open Science Grid},
  author = {{Ruth Pordes} and {Don Petravick} and {Bill Kramer} and {Doug Olson} and {Miron Livny} and {Alain Roy} and {Paul Avery} and {Kent Blackburn} and {Torre Wenaus} and {Frank W\"urthwein} and {Ian Foster} and {Rob Gardner} and {Mike Wilde} and {Alan Blatecky} and {John McGee} and {Rob Quick}},
  year = {2007},
  month = jul,
  journal = {J. Phys. Conf. Ser.},
  volume = {78},
  number = {1},
  pages = {012057},
  issn = {1742-6596},
  doi = {10.1088/1742-6596/78/1/012057}
}

@article{schub1995,
  title = {Measurement of {J/\ensuremath{\psi}} and \ensuremath{\psi}' production in 800 {{GeV/c}} proton-gold collisions},
  author = {Schub, M. H. and Jansen, D. M. and Mishra, C. S. and Ho, P. M. and Brown, C. N. and Carey, T. A. and Chen, Y. C. and Childers, R. and Cooper, W. E. and Darden, C. W. and Gidal, G. and Gounder, K. N. and Isenhower, L. D. and Jeppesen, R. G. and Kaplan, D. M. and Kapustinsky, J. S. and Kiang, G. C. and Kowitt, M. S. and Lane, D. W. and Lederman, L. M. and Leitch, M. J. and Lillberg, J. W. and Luebke, W. R. and Luk, K. B. and McGaughey, P. L. and Moss, J. M. and Peng, J. C. and Preston, R. S. and Pripstein, D. and Sa, J. and Sadler, M. E. and Schnathorst, R. and Tanikella, V. and Teng, P. K. and Wilson, J. R.},
  year = {1995},
  month = aug,
  journal = {Phys. Rev. D},
  volume = {52},
  number = {3},
  pages = {1307-1315},
  publisher = {American Physical Society},
  doi = {10.1103/PhysRevD.52.1307},
  urldate = {2020-07-27}
}

@inproceedings{sfiligoi2009,
  title = {The {{Pilot Way}} to {{Grid Resources Using glideinWMS}}},
  booktitle = {2009 {{WRI World Congr}}. {{Comput}}. {{Sci}}. {{Inf}}. {{Eng}}.},
  author = {Sfiligoi, Igor and Bradley, Daniel C. and Holzman, Burt and Mhashilkar, Parag and Padhi, Sanjay and Wurthwein, Frank},
  year = {2009},
  pages = {428--432},
  publisher = {{IEEE}},
  address = {{Los Angeles, California USA}},
  doi = {10.1109/CSIE.2009.950},
  urldate = {2023-02-23},
  isbn = {978-0-7695-3507-4}
}

@article{soffer2019,
  title = {On the Flavor Structure of the Light-Quark Sea Distributions},
  author = {Soffer, Jacques and Bourrely, Claude},
  year = {2019},
  month = nov,
  journal = {Nucl. Phys. A},
  volume = {991},
  pages = {121607},
  issn = {03759474},
  doi = {10.1016/j.nuclphysa.2019.08.001},
  urldate = {2023-03-02},
  langid = {english}
}

@incollection{speth2002,
  title = {Mesonic {{Contributions}} to the {{Spin}} and {{Flavor Structure}} of the {{Nucleon}}},
  booktitle = {Advances in {{Nuclear Physics}}},
  author = {Speth, J. and Thomas, A. W.},
  editor = {Negele, J. W. and Vogt, Erich},
  year = {2002},
  series = {Advances in {{Nuclear Physics}}},
  pages = {83--149},
  publisher = {{Springer US}},
  address = {{Boston, MA}},
  doi = {10.1007/0-306-47073-X_2},
  urldate = {2022-07-26},
  isbn = {978-0-306-47073-8},
  langid = {english},
  keywords = {Flavor Structure,Pion Cloud,Quark Distribution,Semileptonic Decay,Splitting Function}
}

@article{steffens1997,
  title = {Flavor Asymmetry of the Nucleon Sea},
  author = {Steffens, F. M. and Thomas, A. W.},
  year = {1997},
  month = feb,
  journal = {Phys. Rev. C},
  volume = {55},
  number = {2},
  pages = {900--908},
  publisher = {{American Physical Society}},
  doi = {10.1103/PhysRevC.55.900},
  urldate = {2022-07-23}
}

@article{sutton1992,
  title = {Parton Distributions for the Pion Extracted from {{Drell-Yan}} and Prompt Photon Experiments},
  author = {Sutton, P. J. and Martin, A. D. and Roberts, R. G. and Stirling, W. J.},
  year = {1992},
  month = apr,
  journal = {Phys. Rev. D},
  volume = {45},
  number = {7},
  pages = {2349--2359},
  publisher = {{American Physical Society}},
  doi = {10.1103/PhysRevD.45.2349},
  urldate = {2022-11-11}
}

@phdthesis{tadepalli2019,
  title = {Light Anti-Quark Flavor Asymmetry in the Nucleon Sea and the Nuclear Dependence of Anti-Quarks in Nuclei at the {{SeaQuest Experiment}}},
  author = {Tadepalli, Arun S.},
  year = {2019},
  doi = {10.7282/t3-2ccn-7w70},
  school = {Rutgers U., Piscataway (main), Rutgers U., Piscataway},
  keywords = {antiquark: flavor,cross section: ratio,experimental results,Flavor asymmetry,flavor: asymmetry,nucleon: sea,nucleus: target,Physics and Astronomy,Quantum flavor dynamics,thesis}
}

@article{theh1collaboration2003,
  title = {Measurement and {{QCD}} Analysis of Neutral and Charged Current Cross Sections at {{HERA}}},
  author = {{The H1 Collaboration}},
  year = {2003},
  month = sep,
  journal = {Eur. Phys. J. C},
  volume = {30},
  number = {1},
  pages = {1--32},
  issn = {1434-6052},
  doi = {10.1140/epjc/s2003-01257-6},
  urldate = {2022-02-11},
  langid = {english}
}

@article{towell2001,
  title = {Improved measurement of the {{$\bar{d}/\bar{u}$}} asymmetry in the nucleon sea},
  author = {Towell, R. S. and McGaughey, P. L. and Awes, T. C. and Beddo, M. E. and Brooks, M. L. and Brown, C. N. and Bush, J. D. and Carey, T. A. and Chang, T. H. and Cooper, W. E. and Gagliardi, C. A. and Garvey, G. T. and Geesaman, D. F. and Hawker, E. A. and He, X. C. and Isenhower, L. D. and Kaplan, D. M. and Kaufman, S. B. and Kirk, P. N. and Koetke, D. D. and Kyle, G. and Lee, D. M. and Lee, W. M. and Leitch, M. J. and Makins, N. and Moss, J. M. and Mueller, B. A. and Nord, P. M. and Papavassiliou, V. and Park, B. K. and Peng, J. C. and Petitt, G. and Reimer, P. E. and Sadler, M. E. and Sondheim, W. E. and Stankus, P. W. and Thompson, T. N. and Tribble, R. E. and Vasiliev, M. A. and Wang, Y. C. and Wang, Z. F. and Webb, J. C. and Willis, J. L. and Wise, D. K. and Young, G. R.},
  year = {2001},
  month = aug,
  journal = {Phys. Rev. D},
  volume = {64},
  number = {5},
  pages = {052002},
  publisher = {American Physical Society},
  doi = {10.1103/PhysRevD.64.052002},
  collaboration = {FNAL E866/NuSea Collaboration}
}

@article{vogt1999,
  title = {J/{$\psi$} Production and Suppression},
  author = {Vogt, R.},
  year = {1999},
  month = mar,
  journal = {Phys. Rep},
  volume = {310},
  number = {4},
  pages = {197--260},
  issn = {0370-1573},
  doi = {10.1016/S0370-1573(98)00074-X},
  urldate = {2021-07-14},
  langid = {english},
  keywords = {/ suppression,Quark–gluon plasma,Quarkonium production,Ultrarelativistic heavy-ion collisions}
}

@article{workman2022,
  title = {Review of {{Particle Physics}}},
  author = {Workman, R L and Burkert, V D and Crede, V and Klempt, E and Thoma, U and Tiator, L and Agashe, K and Aielli, G and Allanach, B C and Amsler, C and Antonelli, M and Aschenauer, E C and Asner, D M and Baer, H and Banerjee, Sw and Barnett, R M and Baudis, L and Bauer, C W and Beatty, J J and Belousov, V I and Beringer, J and Bettini, A and Biebel, O and Black, K M and Blucher, E and Bonventre, R and Bryzgalov, V V and Buchmuller, O and Bychkov, M A and Cahn, R N and Carena, M and Ceccucci, A and Cerri, A and Chivukula, R Sekhar and Cowan, G and Cranmer, K and Cremonesi, O and D'Ambrosio, G and Damour, T and {de Florian}, D and {de Gouv{\^e}a}, A and DeGrand, T and {de Jong}, P and Demers, S and Dobrescu, B A and D'Onofrio, M and Doser, M and Dreiner, H K and Eerola, P and Egede, U and Eidelman, S and {El-Khadra}, A X and Ellis, J and Eno, S C and Erler, J and Ezhela, V V and Fetscher, W and Fields, B D and Freitas, A and Gallagher, H and Gershtein, Y and Gherghetta, T and {Gonzalez-Garcia}, M C and Goodman, M and Grab, C and Gritsan, A V and Grojean, C and Groom, D E and Gr{\"u}newald, M and Gurtu, A and Gutsche, T and Haber, H E and Hamel, Matthieu and Hanhart, C and Hashimoto, S and Hayato, Y and Hebecker, A and Heinemeyer, S and {Hern{\'a}ndez-Rey}, J J and Hikasa, K and Hisano, J and H{\"o}cker, A and Holder, J and Hsu, L and Huston, J and Hyodo, T and Ianni, Al and Kado, M and Karliner, M and Katz, U F and Kenzie, M and Khoze, V A and Klein, S R and Krauss, F and Kreps, M and Kri{\v z}an, P and Krusche, B and Kwon, Y and Lahav, O and Laiho, J and Lellouch, L P and Lesgourgues, J and Liddle, A R and Ligeti, Z and Lin, C-J and Lippmann, C and Liss, T M and Littenberg, L and Louren{\c c}o, C and Lugovsky, K S and Lugovsky, S B and Lusiani, A and Makida, Y and Maltoni, F and Mannel, T and Manohar, A V and Marciano, W J and Masoni, A and Matthews, J and Mei{\ss}ner, U-G and {Melzer-Pellmann}, I-A and Mikhasenko, M and Miller, D J and Milstead, D and Mitchell, R E and M{\"o}nig, K and Molaro, P and Moortgat, F and Moskovic, M and Nakamura, K and Narain, M and Nason, P and Navas, S and Nelles, A and Neubert, M and Nevski, P and Nir, Y and Olive, K A and Patrignani, C and Peacock, J A and Petrov, V A and Pianori, E and Pich, A and Piepke, A and Pietropaolo, F and Pomarol, A and Pordes, S and Profumo, S and Quadt, A and Rabbertz, K and Rademacker, J and Raffelt, G and {Ramsey-Musolf}, M and Ratcliff, B N and Richardson, P and Ringwald, A and Robinson, D J and Roesler, S and Rolli, S and Romaniouk, A and Rosenberg, L J and Rosner, J L and Rybka, G and Ryskin, M G and Ryutin, R A and Sakai, Y and Sarkar, S and Sauli, F and Schneider, O and Sch{\"o}nert, S and Scholberg, K and Schwartz, A J and Schwiening, J and Scott, D and Sefkow, F and Seljak, U and Sharma, V and Sharpe, S R and Shiltsev, V and Signorelli, G and Silari, M and Simon, F and Sj{\"o}strand, T and Skands, P and Skwarnicki, T and Smoot, G F and Soffer, A and Sozzi, M S and Spanier, S and Spiering, C and Stahl, A and Stone, S L and Sumino, Y and Syphers, M J and Takahashi, F and Tanabashi, M and Tanaka, J and Ta{\v s}evsk{\'y}, M and Terao, K and Terashi, K and Terning, J and Thorne, R S and Titov, M and Tkachenko, N P and Tovey, D R and Trabelsi, K and Urquijo, P and Valencia, G and {Van de Water}, R and Varelas, N and Venanzoni, G and Verde, L and Vivarelli, I and Vogel, P and Vogelsang, W and Vorobyev, V and Wakely, S P and Walkowiak, W and Walter, C W and Wands, D and Weinberg, D H and Weinberg, E J and Wermes, N and White, M and Wiencke, L R and Willocq, S and Wohl, C G and Woody, C L and Yao, W-M and Yokoyama, M and Yoshida, R and Zanderighi, G and Zeller, G P and Zenin, O V and Zhu, R-Y and Zhu, Shi-Lin and Zimmermann, F and Zyla, P A},
  year = {2022},
  month = aug,
  journal = {Prog. Theor. Exp. Phys.},
  volume = {2022},
  number = {8},
  pages = {083C01},
  issn = {2050-3911},
  doi = {10.1093/ptep/ptac097},
  urldate = {2023-02-28},
  collaboration = {Particle Data Group}
}

@incollection{zweig1964,
  title = {An {{SU}}(3) Model for Strong Interaction Symmetry and Its Breaking. {{Version}} 2},
  booktitle = {{{DEVELOPMENTS IN THE QUARK THEORY OF HADRONS}}. {{VOL}}. 1. 1964 - 1978},
  author = {Zweig, G.},
  editor = {Lichtenberg, D. B. and Rosen, Simon Peter},
  year = {1964},
  month = feb,
  number = {CERN-TH-412, NP-14146, PRINT-64-170},
  pages = {22--101}
}

@article{zweig1964a,
  title = {An {{SU}}(3) Model for Strong Interaction Symmetry and Its Breaking. {{Version}} 1},
  author = {Zweig, G.},
  year = {1964},
  month = jan,
  number = {CERN-TH-401}
}
